3108 5126
619 595 637 662 Ι.
663 595 707 662 110
731 593 916 678 symmachi
937 596 1018 664 vlla.

355 733 448 798 Ortus
472 733 520 796 est
543 731 746 816 Symmachus
770 734 860 816 geute
883 734 1091 813 celeberrima,
1115 735 1164 800 cui
1188 736 1380 804 0101100110-

254 834 344 882 mane
368 818 482 882 multos
516 835 715 900 summosque
744 817 875 884 debehat
904 820 995 885 01000.
1042 820 1139 886 Nobis
1167 822 1295 904 reliquis
1330 845 1380 889 ne-

253 902 365 986 glectis
381 903 665 978 commemorandus
681 899 808 975 rvidetur
825 905 913 986 pater
935 906 1010 984 eius,
1033 907 1070 971 de
1085 925 1143 988 000
1160 925 1267 972 sumus
1284 910 1381 990 serip-

251 988 328 1065 turi,
363 987 396 1050 h.
421 985 566 1051 Aurelius
589 985 742 1052 Avianius
766 987 983 1073 Symmachus,
1019 992 1071 1074 qui
1105 994 1180 1073 quot
1210 992 1383 1075 quibusque

251 1072 416 1136 honoribus
438 1073 563 1137 functus
586 1071 628 1136 sit
658 1093 694 1136 ex
716 1074 922 1156 inscriptione
948 1079 1048 1141 velere
1071 1076 1213 1159 colligas,
1249 1097 1327 1159 quae
1350 1079 1382 1142 10

251 1155 360 1221 0001111
384 1156 629 1239 inscriptionum
646 1157 815 1222 latinarum
839 1177 962 1241 corpore
985 1160 1116 1225 babetur
1140 1163 1238 1227 1186:
1266 1163 1381 1242 ,Phos-

250 1241 350 1324 phorii
374 1242 467 1307 Lucio
483 1242 558 1306 Aur.
576 1242 708 1307 Avianio
731 1243 914 1326 Symmacho
938 1263 967 1308 0.
992 1263 1015 1309 c.
1040 1245 1192 1327 praelecto
1215 1248 1285 1311 urbi
1310 1265 1381 1312 oon·

249 1327 310 1392 suli
333 1327 552 1411 propraefectis
574 1328 727 1410 praetorio
742 1329 774 1391 in
791 1327 866 1392 urbe
883 1329 981 1392 Roma
996 1329 1197 1412 finitimisque
1212 1332 1379 1413 provinciis

250 1413 402 1493 praefecto
424 1430 562 1477 0000000
584 1412 669 1477 urbis
692 1414 808 1476 Romae
830 1414 968 1495 pontifici
997 1414 1107 1480 maiori
1136 1415 1379 1498 quindecimviro

248 1517 272 1562 s.
294 1498 316 1563 1.
340 1497 448 1561 multis
471 1495 679 1580 legationibus
702 1516 755 1580 pro
771 1499 959 1581 amplissimi
974 1500 1090 1565 ordinis
1114 1500 1274 1566 desideriis
1296 1503 1378 1583 apud

247 1583 333 1648 divos
356 1583 508 1664 principes
531 1580 646 1661 functo,
669 1583 723 1664 qui
743 1583 863 1665 primus
885 1583 1043 1649 10000010
1066 1585 1252 1651 sententiam
1277 1587 1378 1670 rogari

247 1668 359 1732 solitus
382 1667 567 1733 auctoritate
588 1666 755 1750 prudentia
771 1670 840 1749 atq.
865 1669 1040 1750 eloquentia
1056 1688 1110 1751 pro
1127 1671 1280 1752 dignitate
1296 1671 1378 1736 10011

246 1753 362 1818 ordinis
386 1752 632 1836 magnitudinem
655 1752 716 1817 loci
732 1753 798 1818 eius
822 1752 1006 1835 impleverit,
1031 1771 1103 1817 auro
1124 1753 1288 1819 inlustrem
1311 1757 1377 1820 010-

246 1842 332 1903 tuem
354 1856 448 1919 quam
471 1856 488 1901 a
516 1837 651 1902 dominis
674 1837 847 1921 angustisq.
873 1838 987 1902 nostris
1014 1840 1140 1904 senatus
1162 1839 1375 1921 amplissimus

246 1923 376 1988 decretis
404 1923 616 2004 frequentibus
645 1922 815 2005 inpetrabit
844 1921 918 2021 (sic)
948 1923 1030 1989 idem
1056 1922 1267 1989 triumfatores
1290 1925 1376 2006 prin·

245 2010 326 2090 cipes
357 2007 457 2072 nostri
487 2007 635 2074 constitui
663 2009 806 2091 adposita
833 2010 972 2075 oratrone
999 2008 1158 2075 iusserunt
1180 2029 1257 2092 quae
1280 2009 1374 2074 meri·
1444 2089 1446 2092 Ι

242 2096 346 2158 torum
369 2093 434 2158 eius
458 2093 596 2158 ordinem
619 2111 654 2158 ac
676 2095 788 2158 seriem
810 2094 993 2172 contineret,
1013 2113 1148 2174 ,quorum
1170 2113 1302 2175 perenne
1324 2095 1373 2160 10-

243 2179 358 2244 dicium
380 2179 470 2243 tanto
493 2179 614 2242 muneri
637 2179 695 2243 hoc
718 2195 837 2261 000000
859 2177 995 2256 addidit,
1024 2179 1061 2242 01
1083 2178 1213 2242 alteram
1236 2180 1373 2245 statuam

242 2266 309 2346 pari
332 2264 491 2345 splendore
514 2264 609 2328 etiam
631 2263 711 2346 apud
735 2261 1037 2344 Constantinopolim
1060 2263 1249 2342 conlocaret,
1274 2264 1371 2346 (dedi)

242 2349 385 2416 0010111.
409 2348 470 2413 kal.
487 2349 586 2414 Maias
602 2349 653 2431 (D.
670 2349 724 2431 N.)
742 2348 889 2414 Gratiano
904 2349 982 2412 IIII.
999 2349 1030 2412 et
1045 2347 1230 2413 Merobaude
1253 2347 1370 2430 (cos.)“.

345 2434 538 2517 Quamquam
567 2434 661 2500 series
687 2434 853 2513 honorum,
889 2434 1001 2516 quihus
1030 2432 1154 2498 functus
1183 2433 1247 2510 est,
1282 2433 1372 2497 tenta

242 2521 376 2601 apparet,
400 2539 469 2584 raro
492 2521 597 2584 tamen
619 2519 685 2583 eius
708 2519 823 2583 mentio
845 2520 927 2600 apud
948 2521 1064 2583 veteres
1081 2519 1123 2582 lit.
1140 2517 1370 2582 Praefecturam
1475 2545 1478 2552 ¹

242 2605 391 2668 urbanam
414 2603 448 2666 in
470 2623 587 2670 annum
602 2605 674 2669 364.
698 2604 845 2668 incidisse
869 2622 904 2667 ex
927 2603 991 2667 cod.
1009 2603 1122 2667 Theod.
1146 2604 1369 2686 cognoscimus.

239 2689 459 2772 legationum,
492 2707 566 2773 quas
590 2692 704 2754 multas
726 2689 781 2753 ille
804 2688 898 2767 obiit,
930 2691 1079 2753 memoria
1100 2688 1208 2769 periit,
1232 2708 1295 2753 000
1318 2707 1367 2752 ex·

240 2781 337 2856 00010,
361 2793 454 2856 quam
481 2777 520 2840 ad
544 2773 761 2839 Constantium
790 2775 906 2840 factam
929 2772 1086 2838 Ammian.
1110 2773 1204 2839 Marc.
1228 2775 1284 2853 21,
1318 2773 1367 2851 12,

239 2860 281 2924 24
303 2863 537 2926 commemoret:
563 2859 631 2944 „lbi
659 2859 756 2943 (apud
777 2860 944 2943 Naessum)
968 2857 1188 2941 Symmachum
1210 2859 1367 2939 repertum

238 2946 270 3010 et
285 2944 468 3024 Maximum,
492 2949 648 3011 senatores
672 2944 859 3027 conspicuos,
883 2963 900 3008 e
915 2943 1079 3008 nobilitate
1095 2944 1214 3026 legatos
1235 2942 1367 3006 001000-

238 3030 391 3095 stantium
420 3031 531 3096 missos
559 3030 668 3095 exinde
697 3048 834 3096 reversos
862 3028 1029 3094 honorifice
1059 3027 1170 3093 vidit“.
1222 3028 1366 3092 Eiusdem

237 3116 400 3201 legationis
416 3115 563 3182 libanius
586 3115 731 3180 meminit
753 3117 785 3179 in
808 3115 940 3197 epistola
963 3115 1002 3178 ad
1018 3113 1237 3196 Symmachum
1261 3111 1364 3190 misse,

237 3202 290 3266 ubi
317 3201 538 3286 Symmachum
565 3202 611 3266 011
639 3219 709 3264 cum
737 3201 835 3265 tribus
865 3199 1057 3265 senatoribus
1086 3196 1284 3263 Antiochiam
1314 3216 1365 3263 re-

237 3287 336 3370 01000,
371 3287 403 3352 10
426 3305 486 3370 000
513 3287 588 3351 urbe
617 3286 686 3351 tum
708 3286 906 3351 Constantius
934 3285 1194 3366 commorabatur3
1223 3282 1364 3367 Symma-

236 3373 328 3438 chum
357 3373 483 3455 reliquis
512 3371 654 3437 omnibus
684 3371 874 3453 praestitisse
908 3370 1107 3454 omniumque
1139 3369 1241 3433 oculos
1269 3369 1304 3432 10
1332 3387 1364 3433 00

236 3458 422 3524 convertisse
445 3476 515 3522 cum
537 3458 661 3540 propter
683 3456 817 3539 reliquas
832 3456 965 3521 virtutes
989 3456 1056 3520 tum
1081 3455 1116 3519 ob
1140 3453 1362 3535 eloquentiam

234 3560 312 3624 0000
334 3542 450 3625 legatio
473 3541 567 3606 luisse
590 3542 712 3607 videtur
724 3542 941 3607 Valentiniano
961 3546 991 3605 et
1005 3541 1135 3606 Valente
1151 3557 1228 3604 coss.
1246 3557 1273 3605 a.
1290 3537 1362 3604 365.

234 3627 323 3691 Alter
345 3628 440 3692 etiam
462 3628 595 3692 hahetur
617 3630 701 3693 loeus
724 3626 804 3709 apud
820 3625 977 3691 Ammian.
994 3627 1102 3705 Maro,-
1124 3643 1183 3708 000
1205 3625 1363 3707 privatum

233 3712 387 3794 quoddam
410 3713 528 3778 factum
555 3713 594 3777 ad
617 3713 836 3797 Symmachum
864 3716 984 3793 patrem
1010 3712 1168 3794 pertinens
1192 3708 1362 3792 attingitur

233 3797 284 3874 27,
309 3800 338 3876 3,
361 3798 397 3862 3:
425 3797 543 3878 „Multo
572 3799 676 3864 tamen
705 3799 776 3862 ante
800 3817 892 3880 quam
920 3797 976 3862 hoc
1006 3797 1197 3880 contingeret
1219 3794 1362 3878 Symma-

232 3881 307 3946 chus
330 3882 510 3965 Aproniano
533 3883 683 3948 succeseit
704 3884 787 3948 inter
808 3884 973 3965 praecipua
994 3881 1198 3949 nominandus
1222 3881 1361 3960 exempla

232 3968 443 4034 doctrinarum
470 3973 563 4050 atque
585 3969 767 4047 modestiae,
802 3987 861 4051 000
890 3969 1026 4033 10010010
1054 3969 1127 4032 urbs
1150 3965 1360 4030 secretissima

231 4055 293 4118 otio
316 4054 473 4138 copiisque
488 4054 697 4121 abundantius
720 4055 809 4119 001110
831 4054 1008 4118 fruebatur:
1033 4055 1066 4118 et
1086 4051 1249 4117 ambitioso
1265 4053 1357 4132 ponte
1383 4079 1387 4092 ‹

231 4139 364 4204 exsultet
387 4142 479 4224 etque
501 4139 687 4218 firmissimo,
711 4159 802 4222 quem
824 4138 961 4202 condidit
983 4139 1047 4221 ipse
1063 4141 1093 4203 et
1109 4155 1220 4218 magna
1243 4134 1359 4200 civium

229 4224 351 4288 laetitia
379 4225 531 4291 dedicavit
557 4224 765 4308 ingratorum,
799 4225 835 4288 01
856 4243 905 4288 res
932 4223 1037 4289 docuit
1060 4221 1269 4305 apertissima,
1304 4219 1357 4300 qui

230 4309 423 4391 consumptis
446 4311 565 4394 aliquot
592 4310 682 4374 annis
710 4311 836 4375 domum
865 4311 929 4374 eius
958 4310 990 4373 in
1016 4308 1234 4374 transtiberino
1257 4306 1357 4371 tractu

230 4392 469 4475 pulcherrimam
491 4395 710 4475 incenderunt,
745 4415 782 4461 ee
809 4415 842 4460 re
869 4394 993 4476 perciti,
1028 4394 1108 4477 quod
1135 4395 1205 4460 01110
1229 4390 1356 4476 quidam

229 4479 367 4563 plebeius
389 4480 542 4559 infixerat,
565 4481 657 4546 illum
679 4482 794 4547 dixisse
816 4480 883 4546 sine
905 4480 1004 4547 iudice
1026 4481 1092 4545 0110
1120 4481 1168 4544 001
1191 4481 1284 4555 10010,
1314 4475 1355 4540 11-

232 4567 337 4640 benter
359 4586 390 4634 00
412 4568 484 4638 0100
506 4568 626 4660 proprio
649 4567 796 4636 calcarias
818 4568 1042 4658 extincturum,
1072 4585 1164 4656 quam
1193 4566 1226 4636 id
1248 4562 1355 4630 vendi·
