3108 5126
1309 371 1330 436 9

202 564 283 646 apud
306 563 474 632 06666661.
498 563 572 629 hist.
595 563 668 648 trip.
692 565 721 644 9,
744 561 989 645 23,11166,)661.
1012 561 1135 628 Callist.
1159 559 1231 626 eccl.
1255 560 1329 630 hist.

134 656 138 663 ’
202 651 251 733 12,
274 650 331 728 21,
356 649 473 716 Sooret.
496 650 569 714 hist.
593 649 668 716 eccl.
691 651 722 728 5,
750 650 792 713 14
814 649 844 713 61
867 647 997 712 Suidam
1018 665 1043 714 s.
1067 665 1095 711 v.
1118 642 1331 721 καθοσίωσις,

304 750 506 837 Symmachus
523 771 721 834 quamquam,
744 753 888 832 utsupra
903 747 1193 828 demonstravimus,
1216 767 1332 832 magna

202 838 283 921 apud
306 837 508 921 imperatores
530 837 660 902 florebat
682 837 882 914 auctoritate,
905 837 1043 901 moribus
1067 835 1173 899 tamen
1197 835 1263 898 erat
1285 833 1332 896 ita

202 923 349 1008 integris,
379 924 416 996 ut
442 923 480 988 ab
509 923 595 988 omni
617 921 763 988 beneficio
787 941 849 986 non
877 920 960 986 iusto
983 921 1168 1000 abborreret.
1206 917 1332 983 Breuis-

203 1009 301 1074 simus
324 1009 390 1090 ipse
414 1009 470 1087 est,
494 1009 547 1090 qui
570 1027 617 1093 ep.
633 1010 663 1087 9,
687 1008 728 1073 88
750 1008 883 1090 ingenue
904 1007 1080 1090 profitetur:
1108 1005 1181 1084 „diu
1196 1003 1333 1068 officium

203 1090 355 1159 scribendi
377 1112 432 1175 per
453 1094 669 1160 vereormdiam
691 1092 816 1172 distuli,
846 1114 885 1158 ne
907 1092 941 1155 in
964 1091 1035 1156 aula
1056 1089 1194 1174 positum
1216 1087 1334 1153 viderer

204 1179 334 1256 ambire;
371 1178 458 1244 euius
486 1178 587 1246 morbi
614 1179 659 1243 ita
686 1179 793 1246 crebra
823 1181 872 1242 est
898 1175 1067 1256 affectatio,
1101 1177 1138 1240 ut
1170 1174 1333 1258 diligentes

204 1263 443 1330 existimationis
466 1263 526 1329 viri
547 1282 602 1350 pro
626 1255 736 1329 alienis
758 1263 846 1329 vitiis
869 1263 1081 1329 erubescaut“.

306 1367 424 1432 Officiis
445 1361 593 1451 publicis,
617 1369 728 1452 quibus
756 1369 900 1452 plurimis
927 1367 1053 1432 functus
1076 1366 1139 1442 est,
1175 1382 1236 1428 non
1258 1361 1333 1429 adeo

146 1531 147 1538 ,
204 1452 446 1534 impediebatur,
481 1455 517 1518 ut
540 1472 644 1519 earum
671 1455 753 1517 mole
780 1455 909 1519 obrutus
932 1452 1048 1516 Romae
1075 1469 1196 1532 semper
1217 1449 1334 1515 detine-

204 1540 300 1604 retur.
338 1531 467 1618 Quando
489 1539 572 1602 enim
594 1557 713 1620 cunque
737 1539 803 1604 fieri
825 1539 960 1622 poterat,
995 1538 1031 1602 ut
1058 1555 1076 1600 a
1099 1535 1178 1600 euris
1200 1534 1334 1617 publicis

204 1625 330 1688 vacaret
353 1622 448 1708 (quod
470 1623 590 1708 quoties
612 1623 731 1688 factum
753 1625 809 1701 sit,
840 1622 966 1706 quaevis
989 1620 1192 1705 epistolarum
1214 1619 1336 1704 pagella

78 1743 80 1752 <
205 1709 354 1791 ostendit)
377 1729 431 1774 rus
460 1728 492 1774 se
519 1708 652 1774 contulit
674 1709 800 1792 eiusque
823 1708 943 1774 deliciis
970 1706 1193 1789 perimebatur.
1237 1705 1335 1770 Innu-

205 1795 299 1858 meris
322 1793 399 1860 locis
422 1794 522 1858 vitam
544 1794 695 1860 rusticam
718 1798 750 1859 et
771 1793 903 1860 otiosam
925 1794 1047 1872 laudat,
1070 1791 1109 1856 of.
1133 1811 1200 1874 epp.
1223 1792 1253 1868 2,
1277 1792 1335 1868 22,

205 1881 240 1961 6,
264 1879 320 1956 62,
345 1879 379 1960 6,
403 1880 460 1961 70,
484 1880 518 1958 7,
542 1881 600 1962 27,
624 1880 657 1958 7,
681 1881 737 1954 60,
767 1880 798 1946 et
819 1880 899 1961 ipse,
926 1898 1036 1962 ,quem
1058 1877 1246 1943 urbanarum
1268 1879 1335 1942 tae·

205 1964 275 2028 duit
302 1964 532 2028 molestiarum“
564 1964 622 2046 (ep.
646 1967 681 2043 6,
716 1966 787 2048 32),
821 1967 957 2046 maxima
983 1964 1144 2046 voluptate
1172 1963 1203 2028 et
1231 1959 1337 2026 exacta

204 2048 317 2130 peritia
340 2047 573 2128 delectationes,
609 2069 687 2132 quae
714 2051 778 2114 ruri
800 2050 1026 2133 percipiantur,
1060 2050 1159 2113 amieo
1187 2046 1336 2130 depingit.

205 2133 313 2216 Neque
334 2135 485 2198 honorum
507 2135 602 2199 nimis
632 2136 780 2217 appetens
807 2136 900 2201 fuisse
928 2135 1065 2210 videtur,
1099 2152 1172 2198 nam
1199 2133 1337 2215 praefec-

204 2221 309 2284 turam
331 2222 481 2286 urbanam
504 2239 565 2285 uon
587 2221 752 2300 ambierat,
786 2222 840 2287 scd
868 2222 905 2287 ab
932 2218 1174 2303 imperatoribus
1200 2217 1338 2282 oblatam

207 2306 368 2386 acceperat
391 2304 471 2386 (epp.
490 2307 538 2386 10,
562 2306 618 2380 22,
645 2306 694 2384 10,
718 2307 783 2388 23),
807 2306 899 2371 initio
922 2307 1018 2370 etiam
1033 2303 1338 2388 repudiaturuserat

207 2389 267 2472 (cp.
291 2389 329 2467 2,
353 2390 424 2472 28),
458 2411 474 2454 6
519 2410 590 2455 6616
613 2391 831 2458 Praetextatus
860 2391 1096 2456 amantissimus
1124 2389 1266 2466 obiisset,
1301 2405 1338 2452 ca

207 2475 371 2538 causanti
401 2476 539 2552 volebat,
574 2476 610 2539 ut
632 2476 819 2558 magistratu
849 2496 881 2542 66
910 2475 1068 2540 abdicaret
1096 2473 1155 2557 (ep.
1182 2475 1236 2550 10,
1271 2473 1336 2557 30).

140 2581 149 2590 ·
206 2555 314 2623 Unum
336 2560 418 2624 certe
446 2559 480 2623 in
509 2579 545 2624 eo
572 2560 708 2635 mireris,
742 2563 823 2642 quod
850 2581 920 2626 cum
947 2559 1076 2626 divitiae
1104 2558 1339 2642 suppeditarent

206 2662 336 2724 magnae
365 2645 398 2709 et
426 2645 488 2710 otio
510 2646 662 2710 frueretur
685 2646 831 2712 diuturno
853 2665 1012 2728 nunquam
1039 2645 1151 2710 itinera
1180 2642 1338 2726 aliquanto

207 2727 326 2792 maiora
348 2729 431 2794 feeit.
464 2731 548 2796 Nam
569 2731 596 2794 61
618 2733 781 2815 exceperis,
806 2751 884 2816 quae
905 2731 1026 2796 iuvenis
1049 2731 1083 2796 in
1105 2729 1258 2796 comitatu
1278 2730 1339 2796 im·

207 2813 358 2893 peratoris
381 2816 463 2897 apud
484 2815 628 2880 Rhenum
650 2817 748 2899 gessit
775 2819 807 2882 et
835 2819 916 2900 quod
943 2817 1054 2901 postea
1079 2817 1182 2882 iussus
1213 2817 1252 2882 ab
1280 2815 1340 2880 im-

208 2899 404 3046 peratoribus
427 2899 593 2982 aliquoties
616 2901 827 2968 Mediolanum
853 2903 1004 2978 excurrit,
1038 2903 1140 2966 solum
1161 2899 1287 2966 Latium
1310 2903 1341 2965 et

234 2982 397 3063 ampauiae
420 3001 505 3048 oram
528 2986 780 3052 amoenissimam
796 3007 928 3070 eamque
944 2987 1183 3053 dilectissimam
1198 2987 1340 3068 frequen-

207 3067 292 3132 tibus
315 3067 490 3151 egressibus
514 3070 605 3147 visit,
634 3071 801 3152 inquibus
829 3073 1008 3156 regionibus
1038 3072 1164 3154 praedia
1192 3073 1224 3136 et
1246 3071 1339 3136 villas

77 3201 82 3208 .
207 3151 319 3216 habuit
347 3151 498 3234 plurimas
527 3155 558 3221 et
585 3157 921 3239 magnificentissimas.
967 3157 1102 3241 Magnus
1135 3157 1168 3222 in
1197 3155 1340 3241 epistolis

207 3255 355 3302 numerus
376 3238 496 3320 passim
517 3241 725 3306 enumeratur.
762 3243 894 3307 Praedia
916 3243 1027 3308 habuit
1049 3243 1086 3306 ad
1109 3242 1240 3319 Baulos,
1264 3260 1340 3324 quos

209 3322 524 3418 ep.·‚l,-1versibus
559 3324 708 3402 celebrat,
745 3327 783 3392 ad
817 3329 920 3392 lacum
942 3328 1111 3394 Lucrinum
1139 3327 1260 3412 (epi,
1296 3325 1340 3408 1),

208 3406 321 3487 qmbus
345 3407 489 3492 adiungit
510 3410 604 3474 Baias
632 3411 662 3476 et
688 3412 834 3478 Puteolos
857 3413 937 3497 (epp.
963 3416 997 3492 1,
1027 3414 1062 3489 8,
1092 3414 1129 3491 2,
1160 3411 1216 3494 26,
1244 3413 1281 3492 6,
1305 3411 1341 3491 9,

208 3491 238 3568 6,
262 3491 334 3574 66),
357 3496 578 3560 commemorat
592 3495 775 3576 Capuanum
796 3499 985 3580 praetorium
1009 3497 1070 3583 (ep.
1088 3500 1116 3574 1,
1141 3499 1195 3572 10,
1219 3497 1249 3576 6,
1275 3495 1340 3580 11),

208 3577 366 3672 praeterea
387 3578 550 3659 praedium
572 3581 798 3648 Laurentinum
832 3585 913 3668 (epp.
936 3584 972 3659 4,
1000 3583 1058 3665 44,
1094 3581 1225 3666 7,16),
1260 3581 1341 3663 quod

181 3705 184 3712 ‚
209 3670 304 3727 etlam
327 3662 500 3745 appellavit
523 3683 633 3748 agrum
655 3663 840 3732 Larinatum
865 3667 925 3751 (ep.
950 3668 979 3745 7,
1001 3666 1069 3752 26),
1093 3668 1161 3732 tum
1182 3687 1234 3734 rus
1250 3667 1342 3732 Vati·

208 3763 320 3830 canum
344 3747 483 3896 (oppii,
512 3750 571 3845 68,
606 3743 642 3828 7,
676 3751 748 3834 21),
784 3752 919 3818 alterum
942 3751 1085 3820 Ostiense
1114 3754 1194 3837 (epp.
1219 3755 1256 3832 2,
1283 3751 1341 3836 52,

208 3829 239 3908 6,
262 3824 319 3908 66,
343 3832 373 3909 6,
419 3833 462 3915 2),
485 3829 572 3900 ahud
585 3835 825 3902 Praenestinum
848 3837 928 3922 (epp.
953 3840 983 3917 7,
1006 3841 1065 3922 36,
1088 3839 1118 3917 9,
1142 3839 1208 3922 83),
1231 3835 1341 3904 subur·

209 3912 326 3980 benum
340 3913 519 3984 Arabianae
542 3917 622 4002 (epp.
641 3921 672 4000 2,
695 3922 752 3999 67,
777 3923 807 4001 6,
832 3923 895 4010 60),
920 3925 1133 3990 suburbanum
1147 3923 1341 4006 Spoletinum

209 3999 270 4082 (ep.
292 4000 328 4078 3,
354 4001 426 4086 13),
453 4000 650 4070 Athenaeum
673 4026 763 4072 suum
786 4010 1008 4074 commemorat
1031 4009 1093 4094 (cp.
1118 4010 1153 4085 9,
1177 4008 1249 4090 89),
1273 4010 1341 4073 tum

208 4080 420 4182 suburbanum
441 4089 618 4174 praedium,
642 4092 723 4174 quod
750 4092 818 4160 viae
840 4094 961 4178 Appiae
987 4095 1108 4159 adiacet
1131 4095 1190 4176 (ep.
1214 4095 1250 4176 2,
1272 4091 1341 4179 69),

209 4167 348 4234 Tubenm
380 4172 537 4270 significat
565 4193 655 4258 agros
689 4197 761 4242 6666
792 4179 941 4262 perfluere
971 4177 1032 4263 (ep.
1055 4179 1090 4258 3,
1121 4179 1193 4258 82),
1228 4177 1341 4244 061661

208 4253 305 4352 etiam
327 4259 471 4322 memrnrt
493 4258 554 4342 (ep.
579 4259 609 4336 6,
633 4257 701 4344 61),
725 4282 796 4328 cum
810 4265 927 4330 Romae
948 4262 1079 4347 degebat
1100 4263 1134 4329 in
1157 4261 1260 4330 (166116
1283 4263 1341 4329 ha·

209 4334 323 4434 brtavrt
346 4341 375 4420 (e
397 4361 426 4424 p.
450 4345 485 4424 3,
511 4342 566 4426 12,
600 4347 635 4424 3,
659 4348 717 4424 88,
750 4344 784 4432 7,
810 4349 881 4434 18),
915 4367 1005 4434 agros
1027 4347 1185 4431 praeterea
1206 4343 1343 4434 possedit

208 4442 243 4488 ru
264 4419 376 4523 Maure
430 4428 462 4496 ia
484 4427 674 4496 Caesariensi
699 4427 760 4516 (ep.
786 4431 820 4519 7,
851 4435 906 4519 66)
934 4435 965 4498 ct
987 4431 1094 4500 Sicilia
1118 4429 1178 4520 (ep.
1202 4435 1237 4514 6,
1267 4434 1339 4519 66),

207 4497 324 4576 Romae
345 4509 435 4578 bruas
457 4501 569 4580 habuit
591 4517 680 4585 aedes
704 4518 764 4604 (ep.
788 4519 818 4600 3,
843 4519 906 4604 14).
