<?xml version="1.0" encoding="UTF-8"?>
<!DOCTYPE html PUBLIC "-//W3C//DTD XHTML 1.0 Transitional//EN"
    "http://www.w3.org/TR/xhtml1/DTD/xhtml1-transitional.dtd">
<html xmlns="http://www.w3.org/1999/xhtml" xml:lang="en" lang="en">
 <head>
  <title>
</title>
<meta http-equiv="Content-Type" content="text/html;charset=utf-8" />
  <meta name='ocr-system' content='tesseract 3.04.00' />
  <meta name='ocr-capabilities' content='ocr_page ocr_carea ocr_par ocr_line ocrx_word'/>
</head>
<body>
  <div class='ocr_page' id='page_1' title='image "./quaestionessymm00koregoog_0040.png"; bbox 0 0 3108 5126; ppageno 0'>
   <div class='ocr_carea' id='block_1_1' title="bbox 1253 362 1297 426">
    <p class='ocr_par' dir='ltr' id='par_1_1' title="bbox 1253 362 1297 426">
     <span class='ocr_line' id='line_1_1' title="bbox 1253 362 1297 426; baseline 0 0"><span class='ocrx_word' id='word_1_1' title='bbox 1253 362 1297 426; x_wconf 76' lang='lat'>33</span> 
     </span>
    </p>
   </div>
   <div class='ocr_carea' id='block_1_2' title="bbox 147 541 1300 4297">
    <p class='ocr_par' dir='ltr' id='par_1_2' title="bbox 147 541 1300 3615">
     <span class='ocr_line' id='line_1_2' title="bbox 147 541 1295 624; baseline 0.006 -21"><span class='ocrx_word' id='word_1_2' title='bbox 147 541 268 603; x_wconf 85' lang='lat' dir='ltr'>decis</span> <span class='ocrx_word' id='word_1_3' title='bbox 295 559 372 621; x_wconf 87' lang='lat' dir='ltr'>quae</span> <span class='ocrx_word' id='word_1_4' title='bbox 399 543 572 606; x_wconf 79' lang='lat' dir='ltr'>evenissent</span> <span class='ocrx_word' id='word_1_5' title='bbox 599 561 653 624; x_wconf 89' lang='lat' dir='ltr'>per</span> <span class='ocrx_word' id='word_1_6' title='bbox 679 542 826 622; x_wconf 86' lang='lat' dir='ltr'>epistolas</span> <span class='ocrx_word' id='word_1_7' title='bbox 854 543 1001 612; x_wconf 71' lang='lat' dir='ltr'><strong>certiores</strong></span> <span class='ocrx_word' id='word_1_8' title='bbox 1025 543 1172 612; x_wconf 85' lang='lat' dir='ltr'>lacerent.</span> <span class='ocrx_word' id='word_1_9' title='bbox 1217 545 1295 610; x_wconf 91' lang='lat' dir='ltr'>Inde</span> 
     </span>
     <span class='ocr_line' id='line_1_3' title="bbox 147 625 1297 712; baseline 0.008 -25"><span class='ocrx_word' id='word_1_10' title='bbox 147 625 255 688; x_wconf 80' lang='lat' dir='ltr'>facile</span> <span class='ocrx_word' id='word_1_11' title='bbox 286 643 323 700; x_wconf 86' lang='lat' dir='ltr'>eq</span> <span class='ocrx_word' id='word_1_12' title='bbox 355 625 644 709; x_wconf 75' lang='lat' dir='ltr'>progrediebantur,</span> <span class='ocrx_word' id='word_1_13' title='bbox 679 628 717 691; x_wconf 91' lang='lat' dir='ltr'>ut</span> <span class='ocrx_word' id='word_1_14' title='bbox 744 647 821 708; x_wconf 88' lang='lat' dir='ltr'>quas</span> <span class='ocrx_word' id='word_1_15' title='bbox 855 629 1024 694; x_wconf 89' lang='lat' dir='ltr'>scriberent</span> <span class='ocrx_word' id='word_1_16' title='bbox 1057 629 1204 712; x_wconf 76' lang='lat' dir='ltr'><strong>epistolas</strong></span> <span class='ocrx_word' id='word_1_17' title='bbox 1233 632 1297 696; x_wconf 86' lang='lat' dir='ltr'>iarn</span> 
     </span>
     <span class='ocr_line' id='line_1_4' title="bbox 148 709 1298 790; baseline 0.006 -17"><span class='ocrx_word' id='word_1_18' title='bbox 148 729 223 774; x_wconf 88' lang='lat' dir='ltr'>non</span> <span class='ocrx_word' id='word_1_19' title='bbox 246 709 323 774; x_wconf 92' lang='lat' dir='ltr'>solis</span> <span class='ocrx_word' id='word_1_20' title='bbox 344 711 455 774; x_wconf 90' lang='lat' dir='ltr'>amicis</span> <span class='ocrx_word' id='word_1_21' title='bbox 477 712 509 775; x_wconf 89' lang='lat' dir='ltr'>et</span> <span class='ocrx_word' id='word_1_22' title='bbox 530 712 758 790; x_wconf 87' lang='lat' dir='ltr'>familiaribus,</span> <span class='ocrx_word' id='word_1_23' title='bbox 786 714 840 778; x_wconf 90' lang='lat' dir='ltr'>sed</span> <span class='ocrx_word' id='word_1_24' title='bbox 861 715 997 780; x_wconf 82' lang='lat' dir='ltr'>maximo</span> <span class='ocrx_word' id='word_1_25' title='bbox 1024 715 1217 782; x_wconf 90' lang='lat' dir='ltr'>eruditorum</span> <span class='ocrx_word' id='word_1_26' title='bbox 1239 716 1298 780; x_wconf 88' lang='lat' dir='ltr'>ho-</span> 
     </span>
     <span class='ocr_line' id='line_1_5' title="bbox 149 797 1297 878; baseline 0.005 -20"><span class='ocrx_word' id='word_1_27' title='bbox 149 797 286 858; x_wconf 86' lang='lat' dir='ltr'>minum</span> <span class='ocrx_word' id='word_1_28' title='bbox 299 815 427 860; x_wconf 92' lang='lat' dir='ltr'>numero</span> <span class='ocrx_word' id='word_1_29' title='bbox 442 797 641 862; x_wconf 77' lang='lat' dir='ltr'>destinarent.</span> <span class='ocrx_word' id='word_1_30' title='bbox 672 797 722 860; x_wconf 88' lang='lat' dir='ltr'>lta</span> <span class='ocrx_word' id='word_1_31' title='bbox 743 799 861 864; x_wconf 86' lang='lat' dir='ltr'>sactum</span> <span class='ocrx_word' id='word_1_32' title='bbox 876 802 935 878; x_wconf 90' lang='lat' dir='ltr'>est,</span> <span class='ocrx_word' id='word_1_33' title='bbox 958 802 995 864; x_wconf 91' lang='lat' dir='ltr'>ut</span> <span class='ocrx_word' id='word_1_34' title='bbox 1015 800 1049 864; x_wconf 93' lang='lat' dir='ltr'>iu</span> <span class='ocrx_word' id='word_1_35' title='bbox 1070 801 1129 866; x_wconf 89' lang='lat' dir='ltr'>hoe</span> <span class='ocrx_word' id='word_1_36' title='bbox 1141 801 1297 866; x_wconf 90' lang='lat' dir='ltr'>scribendi</span> 
     </span>
     <span class='ocr_line' id='line_1_6' title="bbox 151 881 1298 970; baseline 0.009 -27"><span class='ocrx_word' id='word_1_37' title='bbox 151 899 275 963; x_wconf 83' lang='lat' dir='ltr'>genere</span> <span class='ocrx_word' id='word_1_38' title='bbox 295 881 473 946; x_wconf 85' lang='lat' dir='ltr'>litterarum</span> <span class='ocrx_word' id='word_1_39' title='bbox 500 883 633 946; x_wconf 86' lang='lat' dir='ltr'>formam</span> <span class='ocrx_word' id='word_1_40' title='bbox 667 883 793 948; x_wconf 86' lang='lat' dir='ltr'>tantum</span> <span class='ocrx_word' id='word_1_41' title='bbox 825 884 1004 966; x_wconf 86' lang='lat' dir='ltr'>retinerent,</span> <span class='ocrx_word' id='word_1_42' title='bbox 1038 887 1156 970; x_wconf 90' lang='lat' dir='ltr'>reliqua</span> <span class='ocrx_word' id='word_1_43' title='bbox 1177 906 1213 952; x_wconf 89' lang='lat' dir='ltr'>eo</span> <span class='ocrx_word' id='word_1_44' title='bbox 1234 889 1298 952; x_wconf 84' lang='lat' dir='ltr'>iem</span> 
     </span>
     <span class='ocr_line' id='line_1_7' title="bbox 156 967 1297 1053; baseline 0.006 -24"><span class='ocrx_word' id='word_1_45' title='bbox 156 969 381 1048; x_wconf 80' lang='lat' dir='ltr'>componerent</span> <span class='ocrx_word' id='word_1_46' title='bbox 395 967 533 1042; x_wconf 88' lang='lat' dir='ltr'>consilio,</span> <span class='ocrx_word' id='word_1_47' title='bbox 557 968 649 1032; x_wconf 92' lang='lat' dir='ltr'>utin</span> <span class='ocrx_word' id='word_1_48' title='bbox 671 969 878 1050; x_wconf 88' lang='lat' dir='ltr'>plurimorum</span> <span class='ocrx_word' id='word_1_49' title='bbox 900 989 1012 1036; x_wconf 86' lang='lat' dir='ltr'>manus</span> <span class='ocrx_word' id='word_1_50' title='bbox 1034 973 1238 1053; x_wconf 80' lang='lat' dir='ltr'>pervenirent</span> <span class='ocrx_word' id='word_1_51' title='bbox 1261 991 1297 1037; x_wconf 84' lang='lat' dir='ltr'>ex</span> 
     </span>
     <span class='ocr_line' id='line_1_8' title="bbox 160 1051 1299 1140; baseline 0.008 -27"><span class='ocrx_word' id='word_1_52' title='bbox 160 1051 364 1134; x_wconf 82' lang='lat' dir='ltr'>epistolarum</span> <span class='ocrx_word' id='word_1_53' title='bbox 394 1053 494 1117; x_wconf 85' lang='lat' dir='ltr'>forma</span> <span class='ocrx_word' id='word_1_54' title='bbox 523 1071 594 1118; x_wconf 86' lang='lat' dir='ltr'>vero</span> <span class='ocrx_word' id='word_1_55' title='bbox 621 1055 684 1118; x_wconf 89' lang='lat' dir='ltr'>sibi</span> <span class='ocrx_word' id='word_1_56' title='bbox 710 1053 887 1118; x_wconf 88' lang='lat' dir='ltr'>libertatem</span> <span class='ocrx_word' id='word_1_57' title='bbox 920 1056 1045 1121; x_wconf 89' lang='lat' dir='ltr'>dicendi</span> <span class='ocrx_word' id='word_1_58' title='bbox 1077 1061 1229 1140; x_wconf 85' lang='lat' dir='ltr'>peterent,</span> <span class='ocrx_word' id='word_1_59' title='bbox 1263 1060 1299 1122; x_wconf 92' lang='lat' dir='ltr'>ut</span> 
     </span>
     <span class='ocr_line' id='line_1_9' title="bbox 159 1136 1300 1224; baseline 0.008 -24"><span class='ocrx_word' id='word_1_60' title='bbox 159 1137 252 1218; x_wconf 87' lang='lat' dir='ltr'>quasi</span> <span class='ocrx_word' id='word_1_61' title='bbox 267 1136 461 1202; x_wconf 78' lang='lat' dir='ltr'>familiariter</span> <span class='ocrx_word' id='word_1_62' title='bbox 478 1157 549 1202; x_wconf 90' lang='lat' dir='ltr'>oum</span> <span class='ocrx_word' id='word_1_63' title='bbox 563 1139 772 1205; x_wconf 80' lang='lat' dir='ltr'>familiaribus</span> <span class='ocrx_word' id='word_1_64' title='bbox 787 1142 914 1222; x_wconf 87' lang='lat' dir='ltr'>agerent</span> <span class='ocrx_word' id='word_1_65' title='bbox 928 1141 1071 1206; x_wconf 87' lang='lat' dir='ltr'>liberiore</span> <span class='ocrx_word' id='word_1_66' title='bbox 1086 1143 1218 1224; x_wconf 81' lang='lat' dir='ltr'>quodam</span> <span class='ocrx_word' id='word_1_67' title='bbox 1233 1161 1300 1208; x_wconf 89' lang='lat' dir='ltr'>ser·</span> 
     </span>
     <span class='ocr_line' id='line_1_10' title="bbox 157 1223 1298 1310; baseline 0.007 -25"><span class='ocrx_word' id='word_1_68' title='bbox 157 1241 252 1286; x_wconf 88' lang='lat' dir='ltr'>mone</span> <span class='ocrx_word' id='word_1_69' title='bbox 275 1223 424 1287; x_wconf 89' lang='lat' dir='ltr'>derebus</span> <span class='ocrx_word' id='word_1_70' title='bbox 452 1224 586 1304; x_wconf 86' lang='lat' dir='ltr'>publicis</span> <span class='ocrx_word' id='word_1_71' title='bbox 608 1225 804 1290; x_wconf 81' lang='lat' dir='ltr'>dissererent</span> <span class='ocrx_word' id='word_1_72' title='bbox 848 1225 1043 1308; x_wconf 78' lang='lat' dir='ltr'>Quamquam</span> <span class='ocrx_word' id='word_1_73' title='bbox 1075 1226 1298 1310; x_wconf 89' lang='lat' dir='ltr'>imperatorum</span> 
     </span>
     <span class='ocr_line' id='line_1_11' title="bbox 156 1309 1297 1396; baseline 0.006 -26"><span class='ocrx_word' id='word_1_74' title='bbox 156 1309 266 1371; x_wconf 84' lang='lat' dir='ltr'>aetate</span> <span class='ocrx_word' id='word_1_75' title='bbox 286 1327 340 1390; x_wconf 89' lang='lat' dir='ltr'>per</span> <span class='ocrx_word' id='word_1_76' title='bbox 360 1309 429 1372; x_wconf 87' lang='lat' dir='ltr'>eota</span> <span class='ocrx_word' id='word_1_77' title='bbox 449 1309 508 1374; x_wconf 87' lang='lat' dir='ltr'>illa</span> <span class='ocrx_word' id='word_1_78' title='bbox 523 1310 643 1388; x_wconf 74' lang='lat' dir='ltr'>diurna</span> <span class='ocrx_word' id='word_1_79' title='bbox 667 1329 745 1392; x_wconf 88' lang='lat' dir='ltr'>quae</span> <span class='ocrx_word' id='word_1_80' title='bbox 765 1313 828 1374; x_wconf 86' lang='lat' dir='ltr'>iam</span> <span class='ocrx_word' id='word_1_81' title='bbox 851 1311 900 1376; x_wconf 89' lang='lat' dir='ltr'>edi</span> <span class='ocrx_word' id='word_1_82' title='bbox 916 1314 1023 1396; x_wconf 83' lang='lat' dir='ltr'>coepta</span> <span class='ocrx_word' id='word_1_83' title='bbox 1039 1313 1122 1390; x_wconf 90' lang='lat' dir='ltr'>sunt,</span> <span class='ocrx_word' id='word_1_84' title='bbox 1145 1313 1297 1378; x_wconf 90' lang='lat' dir='ltr'>scribendi</span> 
     </span>
     <span class='ocr_line' id='line_1_12' title="bbox 155 1392 1297 1479; baseline 0.006 -24"><span class='ocrx_word' id='word_1_85' title='bbox 155 1394 223 1456; x_wconf 81' lang='lat' dir='ltr'>ista</span> <span class='ocrx_word' id='word_1_86' title='bbox 245 1392 390 1458; x_wconf 72' lang='lat' dir='ltr'>incitatio</span> <span class='ocrx_word' id='word_1_87' title='bbox 416 1396 449 1458; x_wconf 93' lang='lat' dir='ltr'>et</span> <span class='ocrx_word' id='word_1_88' title='bbox 470 1396 695 1477; x_wconf 88' lang='lat' dir='ltr'>quodammodo</span> <span class='ocrx_word' id='word_1_89' title='bbox 722 1395 887 1461; x_wconf 77' lang='lat' dir='ltr'>necessitas</span> <span class='ocrx_word' id='word_1_90' title='bbox 909 1398 1144 1479; x_wconf 88' lang='lat' dir='ltr'>aliquantulum</span> <span class='ocrx_word' id='word_1_91' title='bbox 1177 1399 1297 1464; x_wconf 87' lang='lat' dir='ltr'>remota</span> 
     </span>
     <span class='ocr_line' id='line_1_13' title="bbox 155 1481 1298 1566; baseline 0.003 -24"><span class='ocrx_word' id='word_1_92' title='bbox 155 1481 223 1555; x_wconf 85' lang='lat' dir='ltr'>est,</span> <span class='ocrx_word' id='word_1_93' title='bbox 252 1481 370 1542; x_wconf 87' lang='lat' dir='ltr'>mansit</span> <span class='ocrx_word' id='word_1_94' title='bbox 391 1482 497 1544; x_wconf 90' lang='lat' dir='ltr'>tamen</span> <span class='ocrx_word' id='word_1_95' title='bbox 519 1481 654 1545; x_wconf 90' lang='lat' dir='ltr'>studium</span> <span class='ocrx_word' id='word_1_96' title='bbox 676 1483 714 1546; x_wconf 91' lang='lat' dir='ltr'>de</span> <span class='ocrx_word' id='word_1_97' title='bbox 736 1483 844 1558; x_wconf 85' lang='lat' dir='ltr'>rebus,</span> <span class='ocrx_word' id='word_1_98' title='bbox 868 1499 946 1563; x_wconf 81' lang='lat' dir='ltr'>quae</span> <span class='ocrx_word' id='word_1_99' title='bbox 968 1483 1017 1548; x_wconf 84' lang='lat' dir='ltr'>vel</span> <span class='ocrx_word' id='word_1_100' title='bbox 1044 1485 1169 1566; x_wconf 90' lang='lat' dir='ltr'>publice</span> <span class='ocrx_word' id='word_1_101' title='bbox 1190 1484 1242 1549; x_wconf 84' lang='lat' dir='ltr'>vel</span> <span class='ocrx_word' id='word_1_102' title='bbox 1263 1483 1298 1546; x_wconf 92' lang='lat' dir='ltr'>in</span> 
     </span>
     <span class='ocr_line' id='line_1_14' title="bbox 156 1565 1295 1654; baseline 0.006 -27"><span class='ocrx_word' id='word_1_103' title='bbox 156 1565 279 1628; x_wconf 84' lang='lat' dir='ltr'>litteris</span> <span class='ocrx_word' id='word_1_104' title='bbox 312 1565 514 1630; x_wconf 82' lang='lat' dir='ltr'>notabiliores</span> <span class='ocrx_word' id='word_1_105' title='bbox 544 1566 738 1644; x_wconf 85' lang='lat' dir='ltr'>videbantur,</span> <span class='ocrx_word' id='word_1_106' title='bbox 773 1585 827 1648; x_wconf 91' lang='lat' dir='ltr'>per</span> <span class='ocrx_word' id='word_1_107' title='bbox 859 1569 1007 1649; x_wconf 87' lang='lat' dir='ltr'>epistolas</span> <span class='ocrx_word' id='word_1_108' title='bbox 1035 1570 1157 1654; x_wconf 83' lang='lat' dir='ltr'>agendi.</span> <span class='ocrx_word' id='word_1_109' title='bbox 1204 1568 1295 1648; x_wconf 82' lang='lat' dir='ltr'>Quid,</span> 
     </span>
     <span class='ocr_line' id='line_1_15' title="bbox 156 1650 1298 1737; baseline 0.006 -24"><span class='ocrx_word' id='word_1_110' title='bbox 156 1650 243 1732; x_wconf 88' lang='lat' dir='ltr'>qued</span> <span class='ocrx_word' id='word_1_111' title='bbox 259 1667 294 1714; x_wconf 90' lang='lat' dir='ltr'>eo</span> <span class='ocrx_word' id='word_1_112' title='bbox 316 1669 411 1732; x_wconf 88' lang='lat' dir='ltr'>usque</span> <span class='ocrx_word' id='word_1_113' title='bbox 426 1656 608 1732; x_wconf 86' lang='lat' dir='ltr'>perventum</span> <span class='ocrx_word' id='word_1_114' title='bbox 624 1655 681 1728; x_wconf 90' lang='lat' dir='ltr'>est,</span> <span class='ocrx_word' id='word_1_115' title='bbox 704 1655 741 1716; x_wconf 92' lang='lat' dir='ltr'>ut</span> <span class='ocrx_word' id='word_1_116' title='bbox 755 1653 842 1734; x_wconf 88' lang='lat' dir='ltr'>ipseo</span> <span class='ocrx_word' id='word_1_117' title='bbox 857 1653 1051 1734; x_wconf 85' lang='lat' dir='ltr'>quaestiones</span> <span class='ocrx_word' id='word_1_118' title='bbox 1066 1655 1298 1737; x_wconf 82' lang='lat' dir='ltr'>philosophicae</span> 
     </span>
     <span class='ocr_line' id='line_1_16' title="bbox 157 1735 1296 1821; baseline 0.005 -23"><span class='ocrx_word' id='word_1_119' title='bbox 157 1737 221 1799; x_wconf 89' lang='lat' dir='ltr'>hae</span> <span class='ocrx_word' id='word_1_120' title='bbox 243 1735 343 1799; x_wconf 83' lang='lat' dir='ltr'>forma</span> <span class='ocrx_word' id='word_1_121' title='bbox 364 1737 576 1814; x_wconf 85' lang='lat' dir='ltr'>induerentur,</span> <span class='ocrx_word' id='word_1_122' title='bbox 599 1757 635 1803; x_wconf 87' lang='lat' dir='ltr'>er</span> <span class='ocrx_word' id='word_1_123' title='bbox 657 1757 717 1820; x_wconf 94' lang='lat' dir='ltr'>quo</span> <span class='ocrx_word' id='word_1_124' title='bbox 739 1756 853 1820; x_wconf 89' lang='lat' dir='ltr'>genero</span> <span class='ocrx_word' id='word_1_125' title='bbox 874 1739 907 1800; x_wconf 84' lang='lat' dir='ltr'>L.</span> <span class='ocrx_word' id='word_1_126' title='bbox 929 1741 1051 1805; x_wconf 87' lang='lat' dir='ltr'>Annaei</span> <span class='ocrx_word' id='word_1_127' title='bbox 1074 1739 1207 1805; x_wconf 87' lang='lat' dir='ltr'>Senecae</span> <span class='ocrx_word' id='word_1_128' title='bbox 1229 1743 1296 1821; x_wconf 89' lang='lat' dir='ltr'>epi·</span> 
     </span>
     <span class='ocr_line' id='line_1_17' title="bbox 157 1821 1297 1891; baseline 0.006 -8"><span class='ocrx_word' id='word_1_129' title='bbox 157 1821 259 1884; x_wconf 87' lang='lat' dir='ltr'>stolae</span> <span class='ocrx_word' id='word_1_130' title='bbox 281 1839 346 1884; x_wconf 83' lang='lat' dir='ltr'>ease</span> <span class='ocrx_word' id='word_1_131' title='bbox 377 1823 507 1886; x_wconf 83' lang='lat' dir='ltr'>constet</span> <span class='ocrx_word' id='word_1_132' title='bbox 551 1823 603 1887; x_wconf 88' lang='lat' dir='ltr'>Ab</span> <span class='ocrx_word' id='word_1_133' title='bbox 638 1825 696 1888; x_wconf 89' lang='lat' dir='ltr'>hac</span> <span class='ocrx_word' id='word_1_134' title='bbox 729 1823 884 1888; x_wconf 89' lang='lat' dir='ltr'>scribendi</span> <span class='ocrx_word' id='word_1_135' title='bbox 918 1825 1138 1891; x_wconf 87' lang='lat' dir='ltr'>consuetudine</span> <span class='ocrx_word' id='word_1_136' title='bbox 1159 1826 1297 1890; x_wconf 89' lang='lat' dir='ltr'>multum</span> 
     </span>
     <span class='ocr_line' id='line_1_18' title="bbox 159 1905 1296 1993; baseline 0.004 -21"><span class='ocrx_word' id='word_1_137' title='bbox 159 1906 308 1972; x_wconf 84' lang='lat' dir='ltr'>differunt</span> <span class='ocrx_word' id='word_1_138' title='bbox 322 1905 422 1970; x_wconf 89' lang='lat' dir='ltr'>Plinii</span> <span class='ocrx_word' id='word_1_139' title='bbox 444 1908 602 1989; x_wconf 87' lang='lat' dir='ltr'>epistolae,</span> <span class='ocrx_word' id='word_1_140' title='bbox 626 1928 703 1990; x_wconf 88' lang='lat' dir='ltr'>quas</span> <span class='ocrx_word' id='word_1_141' title='bbox 726 1908 781 1973; x_wconf 92' lang='lat' dir='ltr'>ille</span> <span class='ocrx_word' id='word_1_142' title='bbox 802 1908 842 1971; x_wconf 89' lang='lat' dir='ltr'>ad</span> <span class='ocrx_word' id='word_1_143' title='bbox 864 1911 979 1974; x_wconf 89' lang='lat' dir='ltr'>amieos</span> <span class='ocrx_word' id='word_1_144' title='bbox 997 1913 1124 1993; x_wconf 88' lang='lat' dir='ltr'>scripsit</span> <span class='ocrx_word' id='word_1_145' title='bbox 1146 1912 1183 1977; x_wconf 90' lang='lat' dir='ltr'>de</span> <span class='ocrx_word' id='word_1_146' title='bbox 1205 1912 1296 1976; x_wconf 86' lang='lat' dir='ltr'>rebus</span> 
     </span>
     <span class='ocr_line' id='line_1_19' title="bbox 160 1991 1297 2076; baseline 0.007 -22"><span class='ocrx_word' id='word_1_147' title='bbox 160 1991 301 2071; x_wconf 89' lang='lat' dir='ltr'>publicis,</span> <span class='ocrx_word' id='word_1_148' title='bbox 324 1992 467 2073; x_wconf 80' lang='lat' dir='ltr'>privatis,</span> <span class='ocrx_word' id='word_1_149' title='bbox 490 1993 679 2070; x_wconf 86' lang='lat' dir='ltr'>domesticis,</span> <span class='ocrx_word' id='word_1_150' title='bbox 702 1995 838 2076; x_wconf 85' lang='lat' dir='ltr'>adquae</span> <span class='ocrx_word' id='word_1_151' title='bbox 861 1996 1028 2060; x_wconf 83' lang='lat' dir='ltr'>exorandas</span> <span class='ocrx_word' id='word_1_152' title='bbox 1053 2015 1208 2062; x_wconf 89' lang='lat' dir='ltr'>summam</span> <span class='ocrx_word' id='word_1_153' title='bbox 1224 2017 1297 2062; x_wconf 90' lang='lat' dir='ltr'>con-</span> 
     </span>
     <span class='ocr_line' id='line_1_20' title="bbox 161 2076 1297 2163; baseline 0.007 -25"><span class='ocrx_word' id='word_1_154' title='bbox 161 2076 239 2140; x_wconf 89' lang='lat' dir='ltr'>tulit</span> <span class='ocrx_word' id='word_1_155' title='bbox 259 2077 456 2162; x_wconf 86' lang='lat' dir='ltr'>diligentiam</span> <span class='ocrx_word' id='word_1_156' title='bbox 477 2081 511 2144; x_wconf 91' lang='lat' dir='ltr'>et</span> <span class='ocrx_word' id='word_1_157' title='bbox 532 2081 641 2158; x_wconf 92' lang='lat' dir='ltr'>artem,</span> <span class='ocrx_word' id='word_1_158' title='bbox 664 2081 710 2144; x_wconf 89' lang='lat' dir='ltr'>ita</span> <span class='ocrx_word' id='word_1_159' title='bbox 731 2083 767 2144; x_wconf 91' lang='lat' dir='ltr'>ut</span> <span class='ocrx_word' id='word_1_160' title='bbox 788 2096 914 2161; x_wconf 88' lang='lat' dir='ltr'>prorsus</span> <span class='ocrx_word' id='word_1_161' title='bbox 928 2099 965 2143; x_wconf 82' lang='lat' dir='ltr'>ex</span> <span class='ocrx_word' id='word_1_162' title='bbox 987 2081 1148 2163; x_wconf 87' lang='lat' dir='ltr'>scriptoris</span> <span class='ocrx_word' id='word_1_163' title='bbox 1171 2088 1297 2146; x_wconf 88' lang='lat' dir='ltr'>senten-</span> 
     </span>
     <span class='ocr_line' id='line_1_21' title="bbox 160 2163 1295 2248; baseline 0.004 -23"><span class='ocrx_word' id='word_1_164' title='bbox 160 2163 208 2226; x_wconf 87' lang='lat' dir='ltr'>tia</span> <span class='ocrx_word' id='word_1_165' title='bbox 223 2163 318 2227; x_wconf 89' lang='lat' dir='ltr'>etiam</span> <span class='ocrx_word' id='word_1_166' title='bbox 340 2183 421 2228; x_wconf 91' lang='lat' dir='ltr'>nuuc</span> <span class='ocrx_word' id='word_1_167' title='bbox 436 2164 608 2229; x_wconf 84' lang='lat' dir='ltr'>habeantur</span> <span class='ocrx_word' id='word_1_168' title='bbox 623 2163 873 2248; x_wconf 87' lang='lat' dir='ltr'>elegantissimae</span> <span class='ocrx_word' id='word_1_169' title='bbox 893 2164 1064 2231; x_wconf 89' lang='lat' dir='ltr'>latinitatis</span> <span class='ocrx_word' id='word_1_170' title='bbox 1085 2169 1295 2230; x_wconf 80' lang='lat' dir='ltr'>monumenta.</span> 
     </span>
     <span class='ocr_line' id='line_1_22' title="bbox 160 2248 1296 2333; baseline 0.004 -22"><span class='ocrx_word' id='word_1_171' title='bbox 160 2249 280 2312; x_wconf 86' lang='lat' dir='ltr'>idcirco</span> <span class='ocrx_word' id='word_1_172' title='bbox 304 2248 357 2324; x_wconf 88' lang='lat' dir='ltr'>eis,</span> <span class='ocrx_word' id='word_1_173' title='bbox 394 2248 447 2330; x_wconf 92' lang='lat' dir='ltr'>qni</span> <span class='ocrx_word' id='word_1_174' title='bbox 480 2250 656 2316; x_wconf 82' lang='lat' dir='ltr'>suaviorem</span> <span class='ocrx_word' id='word_1_175' title='bbox 688 2268 863 2315; x_wconf 89' lang='lat' dir='ltr'>sermonem</span> <span class='ocrx_word' id='word_1_176' title='bbox 892 2253 1090 2333; x_wconf 86' lang='lat' dir='ltr'>appetebant,</span> <span class='ocrx_word' id='word_1_177' title='bbox 1122 2251 1296 2332; x_wconf 87' lang='lat' dir='ltr'>antiquitus</span> 
     </span>
     <span class='ocr_line' id='line_1_23' title="bbox 160 2334 1297 2420; baseline 0.004 -23"><span class='ocrx_word' id='word_1_178' title='bbox 160 2334 224 2398; x_wconf 86' lang='lat' dir='ltr'>iarn</span> <span class='ocrx_word' id='word_1_179' title='bbox 247 2334 415 2398; x_wconf 86' lang='lat' dir='ltr'>imitandus</span> <span class='ocrx_word' id='word_1_180' title='bbox 436 2337 674 2418; x_wconf 88' lang='lat' dir='ltr'>proponebatur,</span> <span class='ocrx_word' id='word_1_181' title='bbox 698 2356 760 2418; x_wconf 90' lang='lat' dir='ltr'>qua</span> <span class='ocrx_word' id='word_1_182' title='bbox 782 2335 820 2399; x_wconf 88' lang='lat' dir='ltr'>de</span> <span class='ocrx_word' id='word_1_183' title='bbox 841 2355 874 2400; x_wconf 91' lang='lat' dir='ltr'>re</span> <span class='ocrx_word' id='word_1_184' title='bbox 892 2337 988 2420; x_wconf 89' lang='lat' dir='ltr'>digna</span> <span class='ocrx_word' id='word_1_185' title='bbox 1010 2341 1057 2402; x_wconf 89' lang='lat' dir='ltr'>est</span> <span class='ocrx_word' id='word_1_186' title='bbox 1081 2357 1158 2419; x_wconf 87' lang='lat' dir='ltr'>quae</span> <span class='ocrx_word' id='word_1_187' title='bbox 1180 2337 1297 2420; x_wconf 86' lang='lat' dir='ltr'>relega·</span> 
     </span>
     <span class='ocr_line' id='line_1_24' title="bbox 160 2418 1295 2506; baseline 0.004 -23"><span class='ocrx_word' id='word_1_188' title='bbox 160 2425 213 2483; x_wconf 92' lang='lat' dir='ltr'>tur</span> <span class='ocrx_word' id='word_1_189' title='bbox 227 2418 348 2483; x_wconf 89' lang='lat' dir='ltr'>Sidonii</span> <span class='ocrx_word' id='word_1_190' title='bbox 362 2420 556 2502; x_wconf 82' lang='lat' dir='ltr'>Apollinaris</span> <span class='ocrx_word' id='word_1_191' title='bbox 579 2440 625 2502; x_wconf 89' lang='lat' dir='ltr'>ep.</span> <span class='ocrx_word' id='word_1_192' title='bbox 644 2423 672 2496; x_wconf 96' lang='lat' dir='ltr'>l,</span> <span class='ocrx_word' id='word_1_193' title='bbox 691 2422 718 2498; x_wconf 93' lang='lat'>1,</span> <span class='ocrx_word' id='word_1_194' title='bbox 741 2419 822 2485; x_wconf 89' lang='lat' dir='ltr'>unde</span> <span class='ocrx_word' id='word_1_195' title='bbox 837 2440 1014 2504; x_wconf 88' lang='lat' dir='ltr'>cognoscas,</span> <span class='ocrx_word' id='word_1_196' title='bbox 1031 2423 1105 2506; x_wconf 91' lang='lat' dir='ltr'>quid</span> <span class='ocrx_word' id='word_1_197' title='bbox 1120 2423 1177 2488; x_wconf 90' lang='lat' dir='ltr'>illa</span> <span class='ocrx_word' id='word_1_198' title='bbox 1191 2424 1295 2488; x_wconf 88' lang='lat' dir='ltr'>aetate</span> 
     </span>
     <span class='ocr_line' id='line_1_25' title="bbox 160 2505 1297 2589; baseline 0.003 -20"><span class='ocrx_word' id='word_1_199' title='bbox 160 2506 200 2569; x_wconf 91' lang='lat' dir='ltr'>de</span> <span class='ocrx_word' id='word_1_200' title='bbox 221 2505 447 2587; x_wconf 86' lang='lat' dir='ltr'>exemplaribus</span> <span class='ocrx_word' id='word_1_201' title='bbox 472 2509 664 2584; x_wconf 91' lang='lat' dir='ltr'>consuerint,</span> <span class='ocrx_word' id='word_1_202' title='bbox 693 2527 770 2589; x_wconf 91' lang='lat' dir='ltr'>quae</span> <span class='ocrx_word' id='word_1_203' title='bbox 792 2506 827 2569; x_wconf 90' lang='lat' dir='ltr'>in</span> <span class='ocrx_word' id='word_1_204' title='bbox 849 2509 916 2572; x_wconf 87' lang='lat' dir='ltr'>arte</span> <span class='ocrx_word' id='word_1_205' title='bbox 944 2508 1177 2574; x_wconf 89' lang='lat' dir='ltr'>scribendarum</span> <span class='ocrx_word' id='word_1_206' title='bbox 1208 2508 1297 2572; x_wconf 82' lang='lat' dir='ltr'>litte</span> 
     </span>
     <span class='ocr_line' id='line_1_26' title="bbox 161 2589 1297 2677; baseline 0.004 -24"><span class='ocrx_word' id='word_1_207' title='bbox 161 2607 268 2653; x_wconf 88' lang='lat' dir='ltr'>rarum</span> <span class='ocrx_word' id='word_1_208' title='bbox 288 2589 489 2656; x_wconf 84' lang='lat' dir='ltr'>imitarentur</span> <span class='ocrx_word' id='word_1_209' title='bbox 511 2591 603 2674; x_wconf 89' lang='lat' dir='ltr'>atque</span> <span class='ocrx_word' id='word_1_210' title='bbox 625 2592 850 2674; x_wconf 83' lang='lat' dir='ltr'>exprimerent:</span> <span class='ocrx_word' id='word_1_211' title='bbox 876 2592 958 2672; x_wconf 89' lang='lat' dir='ltr'>,Diu</span> <span class='ocrx_word' id='word_1_212' title='bbox 979 2595 1148 2677; x_wconf 88' lang='lat' dir='ltr'>praecipis,</span> <span class='ocrx_word' id='word_1_213' title='bbox 1171 2594 1297 2659; x_wconf 89' lang='lat' dir='ltr'>domine</span> 
     </span>
     <span class='ocr_line' id='line_1_27' title="bbox 160 2676 1296 2763; baseline 0.004 -24"><span class='ocrx_word' id='word_1_214' title='bbox 160 2676 268 2752; x_wconf 86' lang='lat' dir='ltr'>maior,</span> <span class='ocrx_word' id='word_1_215' title='bbox 292 2695 414 2742; x_wconf 89' lang='lat' dir='ltr'>summa</span> <span class='ocrx_word' id='word_1_216' title='bbox 435 2677 584 2742; x_wconf 89' lang='lat' dir='ltr'>suadendi</span> <span class='ocrx_word' id='word_1_217' title='bbox 607 2679 807 2759; x_wconf 87' lang='lat' dir='ltr'>auctoritate,</span> <span class='ocrx_word' id='word_1_218' title='bbox 836 2677 920 2742; x_wconf 87' lang='lat' dir='ltr'>sicut</span> <span class='ocrx_word' id='word_1_219' title='bbox 942 2697 974 2742; x_wconf 91' lang='lat' dir='ltr'>es</span> <span class='ocrx_word' id='word_1_220' title='bbox 996 2680 1030 2743; x_wconf 92' lang='lat' dir='ltr'>in</span> <span class='ocrx_word' id='word_1_221' title='bbox 1052 2680 1117 2759; x_wconf 88' lang='lat' dir='ltr'>bis,</span> <span class='ocrx_word' id='word_1_222' title='bbox 1141 2699 1219 2763; x_wconf 87' lang='lat' dir='ltr'>quae</span> <span class='ocrx_word' id='word_1_223' title='bbox 1242 2681 1296 2744; x_wconf 92' lang='lat' dir='ltr'>de-</span> 
     </span>
     <span class='ocr_line' id='line_1_28' title="bbox 159 2761 1297 2849; baseline 0.004 -24"><span class='ocrx_word' id='word_1_224' title='bbox 159 2761 385 2841; x_wconf 88' lang='lat' dir='ltr'>liberabuntur,</span> <span class='ocrx_word' id='word_1_225' title='bbox 418 2762 706 2842; x_wconf 87' lang='lat' dir='ltr'>consiliosissimus,</span> <span class='ocrx_word' id='word_1_226' title='bbox 740 2765 776 2828; x_wconf 89' lang='lat' dir='ltr'>ut</span> <span class='ocrx_word' id='word_1_227' title='bbox 799 2764 827 2827; x_wconf 88' lang='lat' dir='ltr'>si</span> <span class='ocrx_word' id='word_1_228' title='bbox 848 2781 927 2845; x_wconf 88' lang='lat' dir='ltr'>quae</span> <span class='ocrx_word' id='word_1_229' title='bbox 953 2764 1079 2831; x_wconf 86' lang='lat' dir='ltr'>litterae</span> <span class='ocrx_word' id='word_1_230' title='bbox 1100 2767 1194 2848; x_wconf 87' lang='lat' dir='ltr'>paulo</span> <span class='ocrx_word' id='word_1_231' title='bbox 1216 2765 1297 2849; x_wconf 89' lang='lat' dir='ltr'>poli·</span> 
     </span>
     <span class='ocr_line' id='line_1_29' title="bbox 159 2844 1296 2932; baseline 0.005 -22"><span class='ocrx_word' id='word_1_232' title='bbox 159 2848 255 2911; x_wconf 88' lang='lat' dir='ltr'>tiores</span> <span class='ocrx_word' id='word_1_233' title='bbox 270 2848 357 2912; x_wconf 84' lang='lat' dir='ltr'>varia</span> <span class='ocrx_word' id='word_1_234' title='bbox 378 2849 535 2912; x_wconf 86' lang='lat' dir='ltr'>occasione</span> <span class='ocrx_word' id='word_1_235' title='bbox 554 2844 719 2926; x_wconf 83' lang='lat' dir='ltr'>fluxerunt,</span> <span class='ocrx_word' id='word_1_236' title='bbox 742 2849 834 2929; x_wconf 92' lang='lat' dir='ltr'>prout</span> <span class='ocrx_word' id='word_1_237' title='bbox 854 2867 905 2912; x_wconf 85' lang='lat' dir='ltr'>eas</span> <span class='ocrx_word' id='word_1_238' title='bbox 927 2867 1029 2930; x_wconf 75' lang='lat' dir='ltr'>musa,</span> <span class='ocrx_word' id='word_1_239' title='bbox 1052 2870 1194 2932; x_wconf 87' lang='lat' dir='ltr'>persona,</span> <span class='ocrx_word' id='word_1_240' title='bbox 1216 2855 1296 2916; x_wconf 80' lang='lat' dir='ltr'>tem</span> 
     </span>
     <span class='ocr_line' id='line_1_30' title="bbox 159 2933 1297 3020; baseline 0.002 -24"><span class='ocrx_word' id='word_1_241' title='bbox 159 2951 217 3012; x_wconf 90' lang='lat' dir='ltr'>pus</span> <span class='ocrx_word' id='word_1_242' title='bbox 239 2933 361 3014; x_wconf 86' lang='lat' dir='ltr'>elicuit,</span> <span class='ocrx_word' id='word_1_243' title='bbox 391 2953 496 2998; x_wconf 90' lang='lat' dir='ltr'>omnes</span> <span class='ocrx_word' id='word_1_244' title='bbox 519 2935 695 3000; x_wconf 85' lang='lat' dir='ltr'>retractatis</span> <span class='ocrx_word' id='word_1_245' title='bbox 716 2934 945 3014; x_wconf 81' lang='lat' dir='ltr'>exemplaribus</span> <span class='ocrx_word' id='word_1_246' title='bbox 975 2936 1206 3020; x_wconf 87' lang='lat' dir='ltr'>enucleatisque</span> <span class='ocrx_word' id='word_1_247' title='bbox 1235 2955 1297 3002; x_wconf 95' lang='lat' dir='ltr'>uno</span> 
     </span>
     <span class='ocr_line' id='line_1_31' title="bbox 160 3017 1295 3103; baseline 0.003 -23"><span class='ocrx_word' id='word_1_248' title='bbox 160 3017 319 3083; x_wconf 80' lang='lat' dir='ltr'>uolumine</span> <span class='ocrx_word' id='word_1_249' title='bbox 341 3019 509 3096; x_wconf 90' lang='lat' dir='ltr'>includam,</span> <span class='ocrx_word' id='word_1_250' title='bbox 532 3019 641 3100; x_wconf 82' lang='lat' dir='ltr'>Quinti</span> <span class='ocrx_word' id='word_1_251' title='bbox 662 3019 840 3103; x_wconf 84' lang='lat' dir='ltr'>Symmachi</span> <span class='ocrx_word' id='word_1_252' title='bbox 863 3023 1098 3098; x_wconf 89' lang='lat' dir='ltr'>rotunditatem,</span> <span class='ocrx_word' id='word_1_253' title='bbox 1121 3022 1177 3087; x_wconf 81' lang='lat' dir='ltr'>Oai</span> <span class='ocrx_word' id='word_1_254' title='bbox 1198 3021 1295 3088; x_wconf 89' lang='lat' dir='ltr'>Plinii</span> 
     </span>
     <span class='ocr_line' id='line_1_32' title="bbox 158 3103 1297 3189; baseline 0.002 -21"><span class='ocrx_word' id='word_1_255' title='bbox 158 3103 357 3185; x_wconf 85' lang='lat' dir='ltr'>disciplinam</span> <span class='ocrx_word' id='word_1_256' title='bbox 379 3105 654 3187; x_wconf 86' lang='lat' dir='ltr'>maturitatemque</span> <span class='ocrx_word' id='word_1_257' title='bbox 676 3105 819 3188; x_wconf 85' lang='lat' dir='ltr'>vestigiis</span> <span class='ocrx_word' id='word_1_258' title='bbox 846 3108 1110 3189; x_wconf 82' lang='lat' dir='ltr'>praesumptuosis</span> <span class='ocrx_word' id='word_1_259' title='bbox 1138 3107 1297 3172; x_wconf 87' lang='lat' dir='ltr'>insecutu-</span> 
     </span>
     <span class='ocr_line' id='line_1_33' title="bbox 158 3189 1296 3273; baseline 0.001 -20"><span class='ocrx_word' id='word_1_260' title='bbox 158 3207 221 3253; x_wconf 89' lang='lat' dir='ltr'>rus.</span> <span class='ocrx_word' id='word_1_261' title='bbox 265 3189 349 3254; x_wconf 87' lang='lat' dir='ltr'>Nam</span> <span class='ocrx_word' id='word_1_262' title='bbox 378 3191 415 3254; x_wconf 88' lang='lat' dir='ltr'>de</span> <span class='ocrx_word' id='word_1_263' title='bbox 442 3191 549 3255; x_wconf 89' lang='lat' dir='ltr'>Marco</span> <span class='ocrx_word' id='word_1_264' title='bbox 571 3190 676 3254; x_wconf 78' lang='lat' dir='ltr'>Tullio</span> <span class='ocrx_word' id='word_1_265' title='bbox 708 3191 800 3254; x_wconf 91' lang='lat' dir='ltr'>silere</span> <span class='ocrx_word' id='word_1_266' title='bbox 832 3193 866 3254; x_wconf 94' lang='lat' dir='ltr'>in</span> <span class='ocrx_word' id='word_1_267' title='bbox 895 3191 969 3255; x_wconf 92' lang='lat' dir='ltr'>stilo</span> <span class='ocrx_word' id='word_1_268' title='bbox 998 3193 1156 3273; x_wconf 87' lang='lat' dir='ltr'>epistolari</span> <span class='ocrx_word' id='word_1_269' title='bbox 1183 3191 1296 3255; x_wconf 86' lang='lat' dir='ltr'>melius</span> 
     </span>
     <span class='ocr_line' id='line_1_34' title="bbox 157 3275 1295 3356; baseline 0 -18"><span class='ocrx_word' id='word_1_270' title='bbox 157 3275 242 3355; x_wconf 89' lang='lat' dir='ltr'>puto,</span> <span class='ocrx_word' id='word_1_271' title='bbox 266 3293 360 3356; x_wconf 90' lang='lat' dir='ltr'>quem</span> <span class='ocrx_word' id='word_1_272' title='bbox 382 3294 438 3339; x_wconf 91' lang='lat' dir='ltr'>neo</span> <span class='ocrx_word' id='word_1_273' title='bbox 452 3275 598 3339; x_wconf 83' lang='lat' dir='ltr'>licianus</span> <span class='ocrx_word' id='word_1_274' title='bbox 621 3277 706 3340; x_wconf 88' lang='lat' dir='ltr'>totus</span> <span class='ocrx_word' id='word_1_275' title='bbox 727 3276 785 3339; x_wconf 93' lang='lat' dir='ltr'>sub</span> <span class='ocrx_word' id='word_1_276' title='bbox 809 3275 987 3341; x_wconf 89' lang='lat' dir='ltr'>nominibus</span> <span class='ocrx_word' id='word_1_277' title='bbox 1010 3277 1182 3342; x_wconf 89' lang='lat' dir='ltr'>illustrium</span> <span class='ocrx_word' id='word_1_278' title='bbox 1205 3276 1295 3340; x_wconf 86' lang='lat' dir='ltr'>iami-</span> 
     </span>
     <span class='ocr_line' id='line_1_35' title="bbox 158 3360 1295 3443; baseline 0.001 -21"><span class='ocrx_word' id='word_1_279' title='bbox 158 3377 270 3424; x_wconf 89' lang='lat' dir='ltr'>narum</span> <span class='ocrx_word' id='word_1_280' title='bbox 284 3361 379 3442; x_wconf 89' lang='lat' dir='ltr'>digna</span> <span class='ocrx_word' id='word_1_281' title='bbox 398 3361 606 3426; x_wconf 88' lang='lat' dir='ltr'>similitudine</span> <span class='ocrx_word' id='word_1_282' title='bbox 621 3360 799 3443; x_wconf 81' lang='lat' dir='ltr'>expressit.“</span> <span class='ocrx_word' id='word_1_283' title='bbox 824 3360 893 3424; x_wconf 87' lang='lat' dir='ltr'>lam</span> <span class='ocrx_word' id='word_1_284' title='bbox 907 3361 959 3426; x_wconf 91' lang='lat' dir='ltr'>hic</span> <span class='ocrx_word' id='word_1_285' title='bbox 975 3361 1146 3426; x_wconf 87' lang='lat' dir='ltr'>notandum</span> <span class='ocrx_word' id='word_1_286' title='bbox 1162 3362 1295 3438; x_wconf 87' lang='lat' dir='ltr'>ridetur,</span> 
     </span>
     <span class='ocr_line' id='line_1_36' title="bbox 158 3443 1292 3528; baseline 0 -18"><span class='ocrx_word' id='word_1_287' title='bbox 158 3444 321 3510; x_wconf 87' lang='lat' dir='ltr'>Sidonium</span> <span class='ocrx_word' id='word_1_288' title='bbox 336 3443 550 3528; x_wconf 79' lang='lat' dir='ltr'>Apollinarem</span> <span class='ocrx_word' id='word_1_289' title='bbox 573 3465 670 3511; x_wconf 90' lang='lat' dir='ltr'>unum</span> <span class='ocrx_word' id='word_1_290' title='bbox 684 3447 778 3511; x_wconf 76' lang='lat' dir='ltr'>hmus</span> <span class='ocrx_word' id='word_1_291' title='bbox 801 3447 914 3512; x_wconf 84' lang='lat' dir='ltr'>aetatis</span> <span class='ocrx_word' id='word_1_292' title='bbox 937 3467 1004 3512; x_wconf 90' lang='lat' dir='ltr'>esse</span> <span class='ocrx_word' id='word_1_293' title='bbox 1025 3449 1219 3528; x_wconf 88' lang='lat' dir='ltr'>scriptorem,</span> <span class='ocrx_word' id='word_1_294' title='bbox 1240 3448 1292 3527; x_wconf 91' lang='lat' dir='ltr'>qui</span> 
     </span>
     <span class='ocr_line' id='line_1_37' title="bbox 158 3531 909 3615; baseline 0.005 -23"><span class='ocrx_word' id='word_1_295' title='bbox 158 3532 360 3612; x_wconf 88' lang='lat' dir='ltr'>epistolarum</span> <span class='ocrx_word' id='word_1_296' title='bbox 383 3532 560 3615; x_wconf 86' lang='lat' dir='ltr'>Symmachi</span> <span class='ocrx_word' id='word_1_297' title='bbox 582 3533 772 3596; x_wconf 90' lang='lat' dir='ltr'>mentionem</span> <span class='ocrx_word' id='word_1_298' title='bbox 795 3531 909 3598; x_wconf 79' lang='lat' dir='ltr'>feeerit.</span> 
     </span>
    </p>

    <p class='ocr_par' dir='ltr' id='par_1_3' title="bbox 158 3617 1295 4126">
     <span class='ocr_line' id='line_1_38' title="bbox 260 3617 1294 3700; baseline 0.001 -19"><span class='ocrx_word' id='word_1_299' title='bbox 260 3617 310 3681; x_wconf 90' lang='lat' dir='ltr'>Ad</span> <span class='ocrx_word' id='word_1_300' title='bbox 326 3636 403 3699; x_wconf 88' lang='lat' dir='ltr'>quas</span> <span class='ocrx_word' id='word_1_301' title='bbox 417 3636 488 3682; x_wconf 86' lang='lat' dir='ltr'>cum</span> <span class='ocrx_word' id='word_1_302' title='bbox 503 3617 587 3700; x_wconf 88' lang='lat' dir='ltr'>ipsas</span> <span class='ocrx_word' id='word_1_303' title='bbox 601 3621 664 3683; x_wconf 89' lang='lat' dir='ltr'>iam</span> <span class='ocrx_word' id='word_1_304' title='bbox 679 3619 902 3699; x_wconf 85' lang='lat' dir='ltr'>devenerimus,</span> <span class='ocrx_word' id='word_1_305' title='bbox 918 3637 1084 3684; x_wconf 89' lang='lat' dir='ltr'>numerum</span> <span class='ocrx_word' id='word_1_306' title='bbox 1098 3637 1204 3683; x_wconf 79' lang='lat' dir='ltr'>amum</span> <span class='ocrx_word' id='word_1_307' title='bbox 1221 3637 1294 3700; x_wconf 91' lang='lat' dir='ltr'>cog-</span> 
     </span>
     <span class='ocr_line' id='line_1_39' title="bbox 159 3701 1295 3785; baseline 0.004 -21"><span class='ocrx_word' id='word_1_308' title='bbox 159 3701 315 3766; x_wconf 88' lang='lat' dir='ltr'>noscimus</span> <span class='ocrx_word' id='word_1_309' title='bbox 337 3722 404 3768; x_wconf 90' lang='lat' dir='ltr'>esse</span> <span class='ocrx_word' id='word_1_310' title='bbox 427 3703 506 3780; x_wconf 80' lang='lat'>964,</span> <span class='ocrx_word' id='word_1_311' title='bbox 529 3707 662 3785; x_wconf 89' lang='lat' dir='ltr'>quaein</span> <span class='ocrx_word' id='word_1_312' title='bbox 685 3703 790 3768; x_wconf 83' lang='lat' dir='ltr'>decem</span> <span class='ocrx_word' id='word_1_313' title='bbox 817 3703 915 3768; x_wconf 93' lang='lat' dir='ltr'>libros</span> <span class='ocrx_word' id='word_1_314' title='bbox 938 3705 1133 3785; x_wconf 84' lang='lat' dir='ltr'>distributae,</span> <span class='ocrx_word' id='word_1_315' title='bbox 1154 3705 1183 3769; x_wconf 90' lang='lat' dir='ltr'>si</span> <span class='ocrx_word' id='word_1_316' title='bbox 1205 3722 1295 3768; x_wconf 86' lang='lat' dir='ltr'>eree·</span> 
     </span>
     <span class='ocr_line' id='line_1_40' title="bbox 158 3789 1294 3871; baseline 0.002 -21"><span class='ocrx_word' id='word_1_317' title='bbox 158 3789 239 3866; x_wconf 89' lang='lat' dir='ltr'>peris</span> <span class='ocrx_word' id='word_1_318' title='bbox 263 3806 331 3871; x_wconf 90' lang='lat' dir='ltr'>epp.</span> <span class='ocrx_word' id='word_1_319' title='bbox 356 3791 384 3866; x_wconf 87' lang='lat'>1,</span> <span class='ocrx_word' id='word_1_320' title='bbox 407 3790 429 3853; x_wconf 82' lang='lat'><strong>2</strong></span> <span class='ocrx_word' id='word_1_321' title='bbox 450 3789 559 3870; x_wconf 83' lang='lat' dir='ltr'>petris,</span> <span class='ocrx_word' id='word_1_322' title='bbox 584 3792 613 3868; x_wconf 89' lang='lat'>1,</span> <span class='ocrx_word' id='word_1_323' title='bbox 637 3789 679 3853; x_wconf 78' lang='lat'>32</span> <span class='ocrx_word' id='word_1_324' title='bbox 701 3790 847 3867; x_wconf 89' lang='lat' dir='ltr'>Ausonii,</span> <span class='ocrx_word' id='word_1_325' title='bbox 872 3791 922 3867; x_wconf 91' lang='grc'>10,</span> <span class='ocrx_word' id='word_1_326' title='bbox 948 3791 989 3855; x_wconf 77' lang='grc'>72</span> <span class='ocrx_word' id='word_1_327' title='bbox 1011 3791 1153 3868; x_wconf 88' lang='lat' dir='ltr'>Honorii,</span> <span class='ocrx_word' id='word_1_328' title='bbox 1178 3791 1228 3866; x_wconf 88' lang='grc'>10,</span> <span class='ocrx_word' id='word_1_329' title='bbox 1252 3789 1294 3853; x_wconf 75' lang='grc'>74</span> 
     </span>
     <span class='ocr_line' id='line_1_41' title="bbox 158 3873 1295 3956; baseline 0.001 -21"><span class='ocrx_word' id='word_1_330' title='bbox 158 3873 420 3955; x_wconf 88' lang='lat' dir='ltr'>presbyterorum,</span> <span class='ocrx_word' id='word_1_331' title='bbox 454 3875 503 3953; x_wconf 86' lang='lat'>10,</span> <span class='ocrx_word' id='word_1_332' title='bbox 528 3875 569 3939; x_wconf 80' lang='lat'>75</span> <span class='ocrx_word' id='word_1_333' title='bbox 590 3875 731 3952; x_wconf 89' lang='lat' dir='ltr'>Honorii,</span> <span class='ocrx_word' id='word_1_334' title='bbox 762 3874 812 3952; x_wconf 91' lang='lat'>10,</span> <span class='ocrx_word' id='word_1_335' title='bbox 836 3875 878 3939; x_wconf 73' lang='lat'>77</span> <span class='ocrx_word' id='word_1_336' title='bbox 900 3875 1040 3956; x_wconf 88' lang='lat' dir='ltr'>Honorii,</span> <span class='ocrx_word' id='word_1_337' title='bbox 1077 3879 1126 3955; x_wconf 90' lang='lat'>10,</span> <span class='ocrx_word' id='word_1_338' title='bbox 1151 3876 1192 3940; x_wconf 74' lang='lat'>79</span> <span class='ocrx_word' id='word_1_339' title='bbox 1214 3873 1295 3938; x_wconf 79' lang='lat' dir='ltr'>Con·</span> 
     </span>
     <span class='ocr_line' id='line_1_42' title="bbox 158 3958 1294 4043; baseline 0.002 -23"><span class='ocrx_word' id='word_1_340' title='bbox 158 3958 278 4035; x_wconf 83' lang='lat' dir='ltr'>stantii,</span> <span class='ocrx_word' id='word_1_341' title='bbox 309 3961 359 4037; x_wconf 86' lang='lat'>10,</span> <span class='ocrx_word' id='word_1_342' title='bbox 389 3960 432 4024; x_wconf 87' lang='grc'>80</span> <span class='ocrx_word' id='word_1_343' title='bbox 453 3959 593 4038; x_wconf 90' lang='lat' dir='ltr'>Honorii,</span> <span class='ocrx_word' id='word_1_344' title='bbox 627 3961 676 4033; x_wconf 88' lang='grc'>10,</span> <span class='ocrx_word' id='word_1_345' title='bbox 705 3959 747 4026; x_wconf 83' lang='grc'>82</span> <span class='ocrx_word' id='word_1_346' title='bbox 768 3958 911 4038; x_wconf 88' lang='lat' dir='ltr'>Honorii,</span> <span class='ocrx_word' id='word_1_347' title='bbox 941 3981 1046 4028; x_wconf 87' lang='lat' dir='ltr'>omnes</span> <span class='ocrx_word' id='word_1_348' title='bbox 1069 3979 1087 4026; x_wconf 87' lang='lat' dir='ltr'>a</span> <span class='ocrx_word' id='word_1_349' title='bbox 1109 3958 1294 4043; x_wconf 82' lang='lat' dir='ltr'>Symmacho</span> 
     </span>
     <span class='ocr_line' id='line_1_43' title="bbox 158 4045 397 4126; baseline 0.017 -21"><span class='ocrx_word' id='word_1_350' title='bbox 158 4045 292 4126; x_wconf 85' lang='lat' dir='ltr'>scriptae</span> <span class='ocrx_word' id='word_1_351' title='bbox 313 4050 397 4109; x_wconf 90' lang='lat' dir='ltr'>sunt.</span> 
     </span>
    </p>

    <p class='ocr_par' dir='ltr' id='par_1_4' title="bbox 157 4130 1295 4297">
     <span class='ocr_line' id='line_1_44' title="bbox 260 4130 1293 4214; baseline -0.002 -20"><span class='ocrx_word' id='word_1_352' title='bbox 260 4130 453 4214; x_wconf 80' lang='lat' dir='ltr'>Quicumque</span> <span class='ocrx_word' id='word_1_353' title='bbox 481 4131 620 4213; x_wconf 89' lang='lat' dir='ltr'>amplam</span> <span class='ocrx_word' id='word_1_354' title='bbox 647 4134 679 4195; x_wconf 92' lang='lat' dir='ltr'>et</span> <span class='ocrx_word' id='word_1_355' title='bbox 700 4131 822 4197; x_wconf 80' lang='lat' dir='ltr'>vastam</span> <span class='ocrx_word' id='word_1_356' title='bbox 849 4133 1051 4214; x_wconf 88' lang='lat' dir='ltr'>epistolarum</span> <span class='ocrx_word' id='word_1_357' title='bbox 1079 4131 1199 4212; x_wconf 86' lang='lat' dir='ltr'>copiam</span> <span class='ocrx_word' id='word_1_358' title='bbox 1222 4147 1293 4192; x_wconf 92' lang='lat' dir='ltr'>cou-</span> 
     </span>
     <span class='ocr_line' id='line_1_45' title="bbox 157 4215 1295 4297; baseline 0.002 -21"><span class='ocrx_word' id='word_1_359' title='bbox 157 4215 350 4293; x_wconf 80' lang='lat' dir='ltr'>siderarerit</span> <span class='ocrx_word' id='word_1_360' title='bbox 380 4235 511 4297; x_wconf 87' lang='lat' dir='ltr'>quarum</span> <span class='ocrx_word' id='word_1_361' title='bbox 532 4217 632 4281; x_wconf 87' lang='lat' dir='ltr'>maior</span> <span class='ocrx_word' id='word_1_362' title='bbox 653 4235 723 4297; x_wconf 88' lang='lat' dir='ltr'>pars</span> <span class='ocrx_word' id='word_1_363' title='bbox 745 4217 785 4280; x_wconf 87' lang='lat' dir='ltr'>ad</span> <span class='ocrx_word' id='word_1_364' title='bbox 807 4237 858 4282; x_wconf 90' lang='lat' dir='ltr'>eos</span> <span class='ocrx_word' id='word_1_365' title='bbox 882 4219 962 4282; x_wconf 79' lang='lat' dir='ltr'>rhos</span> <span class='ocrx_word' id='word_1_366' title='bbox 984 4219 1056 4283; x_wconf 87' lang='lat' dir='ltr'>data</span> <span class='ocrx_word' id='word_1_367' title='bbox 1077 4222 1140 4294; x_wconf 90' lang='lat' dir='ltr'>est,</span> <span class='ocrx_word' id='word_1_368' title='bbox 1164 4216 1218 4297; x_wconf 90' lang='lat' dir='ltr'>qui</span> <span class='ocrx_word' id='word_1_369' title='bbox 1239 4217 1295 4278; x_wconf 89' lang='lat' dir='ltr'>aut</span> 
     </span>
    </p>
   </div>
   <div class='ocr_carea' id='block_1_3' title="bbox 28 4299 1293 4385">
    <p class='ocr_par' dir='ltr' id='par_1_5' title="bbox 28 4299 1293 4385">
     <span class='ocr_line' id='line_1_46' title="bbox 28 4299 1293 4385; baseline 0.001 -23"><span class='ocrx_word' id='word_1_370' title='bbox 28 4331 29 4338; x_wconf 49' lang='lat'>,</span> <span class='ocrx_word' id='word_1_371' title='bbox 157 4299 285 4364; x_wconf 85' lang='lat' dir='ltr'>honores</span> <span class='ocrx_word' id='word_1_372' title='bbox 308 4303 485 4366; x_wconf 81' lang='lat' dir='ltr'>incivitate</span> <span class='ocrx_word' id='word_1_373' title='bbox 500 4303 655 4385; x_wconf 89' lang='lat' dir='ltr'>principes</span> <span class='ocrx_word' id='word_1_374' title='bbox 671 4302 863 4378; x_wconf 87' lang='lat' dir='ltr'>obtinebant,</span> <span class='ocrx_word' id='word_1_375' title='bbox 886 4305 942 4367; x_wconf 89' lang='lat' dir='ltr'>aut</span> <span class='ocrx_word' id='word_1_376' title='bbox 963 4322 1033 4368; x_wconf 91' lang='lat' dir='ltr'>cum</span> <span class='ocrx_word' id='word_1_377' title='bbox 1056 4301 1174 4385; x_wconf 81' lang='lat' dir='ltr'>privati</span> <span class='ocrx_word' id='word_1_378' title='bbox 1189 4304 1293 4366; x_wconf 89' lang='lat' dir='ltr'>essent</span> 
     </span>
    </p>
   </div>
   <div class='ocr_carea' id='block_1_4' title="bbox 157 4385 1293 4712">
    <p class='ocr_par' dir='ltr' id='par_1_6' title="bbox 157 4385 1291 4468">
     <span class='ocr_line' id='line_1_47' title="bbox 157 4385 1291 4468; baseline 0.003 -21"><span class='ocrx_word' id='word_1_379' title='bbox 157 4385 335 4451; x_wconf 87' lang='lat' dir='ltr'>litterarum</span> <span class='ocrx_word' id='word_1_380' title='bbox 368 4388 481 4452; x_wconf 91' lang='lat' dir='ltr'>stodiis</span> <span class='ocrx_word' id='word_1_381' title='bbox 504 4387 537 4451; x_wconf 90' lang='lat' dir='ltr'>et</span> <span class='ocrx_word' id='word_1_382' title='bbox 557 4387 700 4451; x_wconf 88' lang='lat' dir='ltr'>laudibus</span> <span class='ocrx_word' id='word_1_383' title='bbox 725 4386 773 4452; x_wconf 84' lang='lat' dir='ltr'>rel</span> <span class='ocrx_word' id='word_1_384' title='bbox 795 4389 857 4453; x_wconf 87' lang='lat' dir='ltr'>alio</span> <span class='ocrx_word' id='word_1_385' title='bbox 879 4389 1011 4468; x_wconf 86' lang='lat' dir='ltr'>quodam</span> <span class='ocrx_word' id='word_1_386' title='bbox 1044 4389 1137 4452; x_wconf 88' lang='lat' dir='ltr'>modo</span> <span class='ocrx_word' id='word_1_387' title='bbox 1160 4387 1291 4452; x_wconf 81' lang='lat' dir='ltr'>excelle·</span> 
     </span>
    </p>

    <p class='ocr_par' dir='ltr' id='par_1_7' title="bbox 157 4471 1291 4556">
     <span class='ocr_line' id='line_1_48' title="bbox 157 4471 1291 4556; baseline 0.002 -22"><span class='ocrx_word' id='word_1_388' title='bbox 157 4471 244 4551; x_wconf 90' lang='lat' dir='ltr'>baut,</span> <span class='ocrx_word' id='word_1_389' title='bbox 267 4491 418 4556; x_wconf 88' lang='lat' dir='ltr'>magnum</span> <span class='ocrx_word' id='word_1_390' title='bbox 440 4474 523 4538; x_wconf 88' lang='lat' dir='ltr'>certe</span> <span class='ocrx_word' id='word_1_391' title='bbox 545 4473 617 4538; x_wconf 91' lang='lat' dir='ltr'>hinc</span> <span class='ocrx_word' id='word_1_392' title='bbox 639 4475 742 4553; x_wconf 90' lang='lat' dir='ltr'>speret</span> <span class='ocrx_word' id='word_1_393' title='bbox 764 4475 986 4554; x_wconf 87' lang='lat' dir='ltr'>proventurum</span> <span class='ocrx_word' id='word_1_394' title='bbox 1009 4472 1237 4538; x_wconf 87' lang='lat' dir='ltr'>adminiculum</span> <span class='ocrx_word' id='word_1_395' title='bbox 1252 4475 1291 4536; x_wconf 88' lang='lat' dir='ltr'>ad</span> 
     </span>
    </p>

    <p class='ocr_par' dir='ltr' id='par_1_8' title="bbox 157 4556 1293 4712">
     <span class='ocr_line' id='line_1_49' title="bbox 157 4556 1293 4640; baseline 0.002 -20"><span class='ocrx_word' id='word_1_396' title='bbox 157 4559 399 4638; x_wconf 89' lang='lat' dir='ltr'>pernoscendam</span> <span class='ocrx_word' id='word_1_397' title='bbox 431 4563 606 4640; x_wconf 90' lang='lat' dir='ltr'>temporum</span> <span class='ocrx_word' id='word_1_398' title='bbox 633 4559 762 4622; x_wconf 90' lang='lat' dir='ltr'>illorum</span> <span class='ocrx_word' id='word_1_399' title='bbox 789 4576 945 4623; x_wconf 87' lang='lat' dir='ltr'>summam</span> <span class='ocrx_word' id='word_1_400' title='bbox 967 4559 1161 4624; x_wconf 74' lang='lat' dir='ltr'>renotatam.</span> <span class='ocrx_word' id='word_1_401' title='bbox 1207 4556 1293 4636; x_wconf 83' lang='lat' dir='ltr'>Quod</span> 
     </span>
     <span class='ocr_line' id='line_1_50' title="bbox 1177 4667 1193 4712; baseline 0 0"><span class='ocrx_word' id='word_1_402' title='bbox 1177 4667 1193 4712; x_wconf 87' lang='lat' dir='ltr'>s</span> 
     </span>
    </p>
   </div>
   <div class='ocr_carea' id='block_1_5' title="bbox 0 0 1558 5126">
    <p class='ocr_par' dir='ltr' id='par_1_9' title="bbox 0 0 1558 5126">
     <span class='ocr_line' id='line_1_51' title="bbox 0 0 1558 5126; baseline 0 0"><span class='ocrx_word' id='word_1_403' title='bbox 0 0 1558 5126; x_wconf 95' lang='lat' dir='ltr'> </span> 
     </span>
    </p>
   </div>
  </div>
 </body>
</html>
