3108 5126
224 321 265 385 sc

223 501 395 567 minoribns
417 497 655 648 {itquolldianis
677 495 850 574 versantur,
874 514 942 563 raro
965 514 1028 562 una
1043 496 1092 563 vel
1116 496 1261 562 altercat
1284 516 1359 580 gra-

224 585 310 652 uiora
352 603 420 650 roeo
443 585 485 650 at.

325 605 410 749 guae
432 669 528 734 etiam
550 667 680 734 dicenda
702 667 777 730 sunt
799 665 921 732 facilius
944 666 1190 748 explicabuntur,
1214 665 1242 729 si
1265 667 1361 732 antea

224 775 242 821 a
258 773 391 840 quonam
414 754 540 818 litterae
561 752 595 816 in
617 751 777 833 publicum
791 751 892 816 aditae
907 751 972 818 siut
986 751 1242 835 quaesiverimus,
1268 750 1360 816 Non-

225 843 329 908 nullas
347 840 417 906 viro
439 839 535 905 etiam
557 838 742 921 Symmacho
764 836 802 901 ab
826 837 936 903 amicis
959 838 1103 919 vulgatas
1127 855 1202 912 asse,
1226 837 1358 920 colligas

222 945 265 991 ex.
290 945 336 1008 ep.
360 927 391 1002 5,
414 925 455 990 86
469 925 561 1002 :1,llt
583 927 688 988 tamen
710 923 865 988 uoluntati
887 928 959 989 tuae
982 925 1057 1008 (qua
1079 927 1114 986 ut
1137 923 1360 1004 responderem

222 1011 404 1110 popospisti)
428 1027 519 1092 pareo
548 1028 603 1076 nec
625 1026 745 1087 uereor,
776 1027 814 1072 ne
836 1009 951 1074 temere
974 1027 991 1072 a
1012 1027 1063 1071 me
1087 1007 1183 1072 effusa
1204 1007 1301 1073 verba
1322 1009 1359 1072 in

224 1096 347 1179 pagims
369 1095 488 1162 librarii
511 1095 558 1160 tui
581 1095 702 1158 referas.
748 1092 831 1157 Nam
853 1094 881 1157 si
904 1095 979 1177 quid
1012 1094 1133 1172 horum,
1168 1110 1247 1173 quae
1274 1094 1359 1174 apud

222 1183 253 1244 te
282 1182 466 1247 incuriosius
489 1180 612 1262 loquor,
649 1179 784 1261 cuipiam
812 1178 917 1244 lectori
941 1197 1088 1244 nauseam
1110 1176 1258 1256 mouerit,
1294 1198 1358 1244 non

224 1267 345 1340 tamin
369 1266 531 1332 scribendo
565 1263 757 1348 negligentia
786 1281 862 1342 maa,
898 1266 1068 1346 quamtus
1100 1264 1131 1329 in
1158 1264 1358 1330 describendo

222 1351 389 1435 diligentia
402 1349 587 1432 displicebit.
595 1357 608 1382 ‘⁶
633 1349 816 1426 Nemeum,
841 1368 879 1413 ne
895 1350 1103 1415 adorationes
1124 1348 1199 1412 haee
1221 1349 1357 1415 referan-
1410 1405 1420 1428 ,

223 1441 284 1511 tur,
307 1435 400 1501 verba
419 1453 515 1519 „quae
537 1435 618 1518 apud
633 1436 665 1500 te
684 1433 868 1499 incuriosius
884 1437 1008 1513 loquor‘
1027 1434 1142 1511 vetent,
1166 1433 1359 1520 intelligitur

222 1521 418 1604 Helpidium,
441 1523 594 1602 adquam
617 1520 749 1603 epistola
770 1522 867 1586 missa
891 1523 947 1598 est,
971 1521 1101 1598 litteras,
1125 1538 1200 1600 quas
1223 1539 1242 1583 a
1264 1521 1356 1604 Sym-

222 1607 330 1671 macho
345 1608 512 1690 acceperat,
535 1605 676 1671 edidisse.
711 1607 860 1672 Attamen
876 1607 935 1672 hac
947 1607 980 1671 in
997 1624 1031 1670 ra
1047 1603 1291 1684 cavandumest,
1318 1627 1358 1670 ne

222 1711 298 1773 quae
320 1693 472 1758 hahentur
493 1693 526 1756 in
542 1710 589 1772 ep.
607 1693 636 1771 2,
663 1691 704 1755 ia
719 1692 852 1775 „Merito
874 1692 1048 1776 apographa
1070 1690 1273 1772 epistolarum
1288 1712 1357 1758 mo-

220 1795 323 1840 arum.
338 1823 344 1839 .
359 1777 435 1842 ,tibi
450 1773 584 1842 subieci·
604 1777 637 1839 in
653 1776 770 1840 molam
785 1780 905 1857 partem
921 1777 1061 1860 accipias,
1086 1776 1171 1857 quasi
1188 1776 1357 1842 editionem

220 1881 283 1926 ase
298 1862 413 1928 factam
434 1861 597 1946 significat,
622 1881 690 1926 cum
705 1861 773 1926 illic
788 1861 1003 1929 tantummodo
1018 1863 1055 1928 de
1071 1860 1211 1943 epistolis
1227 1863 1356 1930 fraudu-

220 1948 284 2012 lose
299 1947 471 2030 suppressis
491 1948 611 2032 agatur,
635 1965 689 2029 pro
705 1948 817 2030 quibus
834 1967 866 2013 se
881 1948 979 2014 amico
995 1945 1170 2031 apographa
1186 1948 1356 2014 missurum

219 2051 285 2097 essa
310 2033 482 2115 profitetur.
527 2033 636 2118 Magni
665 2033 815 2100 momenti
842 2035 875 2098 in
896 2034 954 2098 hac
976 2031 1158 2115 quaestione
1181 2033 1356 2100 dirimenda

219 2120 266 2184 est
282 2137 328 2201 ep.
344 2121 374 2200 4,
398 2121 455 2186 34:
480 2120 626 2205 „Temere
641 2119 761 2186 iurasti.
800 2118 942 2184 Mandari
957 2119 1041 2183 enim
1059 2117 1215 2199 perituras
1231 2121 1356 2186 chartae

218 2205 366 2286 epistolas
400 2205 536 2288 quereris
570 2206 602 2270 et
635 2205 774 2289 alligasti
808 2206 1001 2270 sacramento
1035 2221 1158 2270 enorme
1192 2204 1354 2272 iudicium.

219 2290 307 2356 [tane
330 2309 378 2356 me
412 2291 499 2356 ludos
522 2290 608 2368 facis,
643 2291 678 2354 ut
702 2307 779 2373 quae
807 2290 888 2372 apud
915 2292 945 2355 te
980 2288 1166 2356 incuriosius
1189 2290 1298 2374 loquor
1321 2292 1356 2357 in

218 2376 286 2439 stili
319 2376 460 2442 caudices
488 2377 543 2440 aut
576 2375 662 2441 tiliae
692 2374 861 2460 pugillares
896 2394 1022 2442 censeas
1055 2372 1280 2455 transferenda,
1316 2397 1355 2442 ue

218 2460 318 2526 facilis
341 2463 482 2528 senectus
498 2462 607 2546 papyri
630 2462 749 2546 scripta
763 2461 943 2543 corrumpat
954 2466 985 2526 i.
1001 2511 1007 2526 .
1022 2512 1027 2525 .
1043 2461 1175 2542 Magna
1189 2465 1264 2528 sunt
1279 2482 1353 2528 auc·

217 2546 355 2612 toritatis
379 2549 452 2612 tuae
473 2549 617 2630 pondera,
642 2567 698 2612 nco
721 2565 847 2632 possum
869 2547 1043 2630 gratiosum
1066 2547 1191 2628 putare,
1216 2551 1296 2630 quod
1319 2553 1355 2614 tu

217 2632 338 2696 iuratus
360 2633 496 2718 allegam
523 2633 576 2698 sed
600 2651 669 2699 cum
694 2653 744 2698 me
767 2651 873 2698 rursus
897 2632 1037 2714 inspicio,
1069 2631 1203 2698 labascit
1224 2634 1299 2698 fides
1323 2637 1355 2699 et

217 2717 392 2800 refragatur
413 2719 594 2784 testimonio
617 2720 814 2785 conscicntia.
861 2717 911 2783 Ita
941 2719 1022 2800 quod
1044 2717 1192 2784 credibile
1225 2737 1354 2801 persona
1477 2797 1482 2806 ι

217 2803 329 2869 iudicis
353 2803 438 2885 iacit,
468 2805 643 2870 diffidentia
675 2805 793 2888 respuit
827 2803 1011 2870 audientis.“
1058 2803 1103 2867 Ex
1125 2801 1175 2869 his
1198 2806 1281 2869 enirn
1304 2806 1354 2869 in-

216 2889 387 2972 telligitur,
411 2892 475 2956 iam
498 2889 676 2974 Symmachi
698 2891 800 2956 aetate
822 2890 936 2970 fuisse,
968 2888 1020 2970 qui
1049 2905 1125 2972 quas
1149 2891 1187 2956 ab
1210 2908 1245 2954 eo
1268 2909 1354 2956 acco-

217 2975 337 3056 pissent
359 2976 481 3041 litteras
511 2975 638 3040 ederent
666 2978 721 3040 aut
750 2975 861 3040 edendi
891 2973 1058 3041 consilium
1081 2976 1163 3040 certe
1196 2976 1353 3052 haberent,

220 3079 292 3126 cum
315 3062 381 3143 ipse
406 3062 548 3144 quamuis
579 3061 728 3126 amultis
752 3078 841 3143 saepe
871 3062 1049 3127 admonitus
1072 3059 1104 3124 id
1127 3079 1247 3143 semper
1268 3080 1354 3126 recu-

216 3150 309 3226 saret,
334 3149 414 3230 quod
429 3147 568 3233 prolecto
584 3147 749 3214 dolendum
766 3149 821 3212 est.
867 3147 950 3212 Nam
966 3146 993 3210 si
1016 3145 1138 3210 litteras
1160 3165 1234 3228 quas
1251 3147 1355 3212 ederet

217 3233 283 3314 ipse
306 3235 527 3385 reoegrsuissst,
562 3234 605 3298 eis
634 3252 716 3299 nunc
745 3234 902 3298 uterouurr
930 3232 962 3296 et
987 3231 1180 3316 grauioribus
1204 3235 1235 3297 et
1262 3251 1353 3315 prae-

217 3319 366 3383 stantiori
389 3339 434 3384 us.

318 3421 387 3500 Sed,
423 3427 458 3487 ut
486 3423 561 3488 haec
583 3425 751 3500 taceamus,
784 3421 848 3486 alia
871 3421 966 3485 etiam
989 3421 1148 3499 accedunt,
1178 3421 1291 3504 quibus
1315 3439 1353 3484 ne

215 3505 361 3588 epistolas
385 3525 459 3591 quas
484 3526 567 3572 nuuc
581 3505 715 3591 legimus
739 3507 778 3572 ab
801 3509 867 3589 ipso
883 3506 1068 3591 Symmacho
1090 3507 1235 3572 collectas
1259 3513 1352 3590 atque

216 3591 313 3656 editas
336 3593 483 3676 putemus
506 3595 656 3658 reamur.
702 3593 739 3658 Id
762 3593 846 3657 enim
869 3593 894 3656 si
919 3591 1037 3657 lactum
1059 3594 1150 3672 esset,
1174 3595 1256 3657 corto

320 3697 350 3774 1)
373 3695 401 3759 ei
424 3696 604 3776 scriptores,
636 3696 690 3778 qui
713 3697 866 3761 orationes
890 3696 1022 3760 summis
1045 3693 1190 3761 laudibus
1213 3695 1350 3762 celebra·

214 3780 300 3856 bant,
325 3779 528 3862 epistolarum
556 3795 676 3863 quoque
699 3781 891 3846 montionem
915 3780 1072 3859 fecissent,
1096 3798 1182 3861 quae,
1206 3783 1233 3845 si
1262 3779 1348 3847 Sido-

217 3863 304 3930 nium
326 3863 541 3948 Apollinarem
564 3866 727 3948 exceperis.
750 3886 768 3932 a
791 3865 877 3932 nullo
893 3867 1193 3948 commemorantur3

318 3968 352 4052 2)
380 3968 447 4052 ipse
477 3967 637 4033 meliorem
666 3969 819 4033 delectum
851 3969 1013 4034 habuisset
1047 3989 1144 4051 nequa
1172 3970 1348 4037 levissimas

215 4054 297 4120 solas
320 4053 520 4137 divulgasset,
551 4053 603 4118 sed
626 4055 794 4138 grauiores,
826 4072 901 4136 quas
926 4074 1020 4136 supra
1043 4055 1257 4121 denotavimus
1286 4057 1351 4122 suis

215 4138 366 4204 codicillis
389 4141 510 4218 missas,
535 4138 714 4223 adiecisset;

315 4243 347 4324 3)
370 4242 504 4308 aliorum
527 4242 692 4325 epistolas,
725 4243 825 4324 qualis
848 4243 897 4306 est
918 4244 1050 4308 Ausonii
1083 4247 1109 4322 1,
1133 4244 1184 4320 32,
1213 4245 1351 4311 autnon

215 4327 390 4409 recepisset,
416 4331 471 4392 aut
493 4329 596 4411 plures
619 4327 684 4394 eius
707 4328 832 4412 generis
856 4330 1090 4412 assumpsisset3

184 4445 191 4452 ·
315 4433 351 4512 4)
374 4432 440 4514 ipsa
462 4433 635 4511 sensilium,
658 4431 749 4514 quod*
762 4433 796 4497 in
818 4432 934 4498 edendo
950 4433 1118 4512 habuisset,
1143 4432 1238 4498 otiam
1253 4435 1352 4518 signi-

213 4515 351 4595 ficasset,
385 4521 421 4580 nt
444 4515 567 4582 Plinius
592 4520 624 4584 at
646 4515 791 4584 Sidonius
815 4517 1009 4600 Apollinaris
1032 4517 1179 4598 lecerunt,
1214 4520 1267 4600 qui
1289 4520 1350 4602 epi-
