3108 5126
246 347 286 412 38

246 536 406 603 Januariis
428 535 590 618 praeturae
612 533 747 598 urbanae
761 534 889 616 accipiet
911 533 1139 616 magistratum.
1187 533 1317 613 Quaeso,
1339 534 1380 598 ut

246 621 420 708 praesentia
442 622 497 685 tua
519 621 600 685 festa
626 621 733 683 nostra
755 619 964 684 conhcnestes.
1010 620 1116 684 Vale.“

344 707 423 772 Cum
450 725 542 788 qnam
572 704 721 770 rationem
752 704 785 767 in
808 705 948 787 epistolis
979 704 1163 787 colligendis
1187 707 1310 770 secutus
1334 706 1379 770 sit

246 792 423 880 Symmachi
446 790 529 856 iilius
553 790 738 873 quaerimus,
762 791 938 871 temporum
960 791 1097 855 ordinem
1120 791 1292 856 certissime
1315 810 1380 856 non

245 879 386 944 servavit.
431 875 479 940 Ne
508 875 541 939 in
571 895 612 954 ra,
644 893 719 958 quae
746 877 820 940 adeo
850 876 933 939 omni
963 875 1055 941 dnbio
1085 879 1225 958 exempta
1255 878 1311 956 est,
1342 878 1381 942 ut

246 967 430 1048 quicumque
453 961 552 1026 obiter
573 964 664 1026 modo
686 961 808 1025 litteras
832 961 1013 1045 inspexerit,
1037 962 1145 1026 statim
1168 963 1201 1027 id
1224 962 1284 1027 sihi
1306 981 1382 1045 pcr-

245 1049 384 1126 euadeat,
408 1048 529 1128 tempus
550 1048 666 1112 frustra
678 1050 825 1126 teramus,
842 1047 873 1112 id
890 1046 1022 1111 strictim
1038 1047 1127 1112 modo
1144 1047 1286 1131 attigisse
1301 1049 1379 1114 satis

245 1135 313 1200 crit.
359 1134 413 1216 Elp.
438 1133 467 1211 2,
499 1133 541 1196 64
563 1133 669 1197 narrat
692 1131 904 1215 Symmachus,
936 1151 968 1197 se
995 1135 1244 1216 „praeparatione
1267 1151 1378 1198 consu-

244 1221 328 1286 latus
352 1217 513 1296 exerceri“,
545 1235 636 1300 quem
666 1217 811 1282 cecidisse
842 1217 956 1282 scimus
987 1220 1019 1282 in
1042 1237 1161 1284 annum
1183 1219 1267 1296 391,
1298 1220 1379 1283 libro

245 1306 364 1372 decimo
388 1323 459 1370 uero
487 1305 635 1385 epistolae
657 1303 874 1381 continentur,
898 1321 974 1384 quae
998 1323 1068 1368 cnm
1091 1306 1129 1369 ad
1152 1304 1379 1386 praefecturam

245 1393 397 1456 urbanam
420 1389 567 1469 spectent,
600 1388 674 1452 anni
695 1387 769 1454 384.
793 1391 876 1452 sunt.
921 1389 974 1470 Ep.
998 1389 1028 1467 5,
1055 1390 1095 1453 10
1124 1389 1282 1456 Theodoro
1305 1409 1379 1454 con-

245 1476 384 1540 sulatum
415 1474 605 1556 gratulatur,
637 1493 696 1555 quo
722 1473 774 1538 ille
797 1473 923 1538 functus
955 1477 1001 1538 est
1030 1495 1057 1539 a.
1081 1475 1165 1552 399,
1197 1478 1249 1558 qui
1278 1495 1378 1540 annus

245 1562 376 1625 ultimus
400 1559 456 1636 est,
491 1577 526 1623 ex
548 1578 608 1641 qno
634 1559 718 1624 certa
741 1558 919 1642 Symmachi
950 1560 1024 1624 nota
1047 1561 1085 1624 ad
1108 1577 1162 1625 noe
1186 1565 1324 1645 pervenit
1347 1563 1381 1626 et

244 1666 288 1730 ep.
313 1647 342 1725 8,
366 1645 408 1710 69
438 1643 537 1709 filium
560 1663 652 1708 suum
683 1645 758 1708 natu
790 1645 885 1708 etiam
915 1646 1065 1710 minorem
1096 1665 1162 1710 esse
1188 1647 1264 1711 dicit
1285 1667 1379 1730 seque

243 1731 328 1798 iilius
352 1729 526 1796 studiorum
549 1731 731 1812 participem
753 1729 829 1796 fieri.
922 1755 926 1764 2

344 1817 382 1880 ln
398 1814 537 1895 epistolis
552 1815 748 1896 disponendis
764 1814 859 1880 Plinii
877 1816 1014 1898 exemplo
1038 1817 1149 1882 ductus
1173 1836 1239 1882 esse
1255 1818 1379 1883 videtur

244 1901 412 1968 Memmius
429 1899 642 1982 Symmachus.
687 1900 770 1966 Nam
789 1902 822 1965 ut
838 1901 864 1963 is
881 1920 956 1984 quas
973 1902 1122 1984 epistolas
1141 1905 1196 1968 aut
1212 1923 1230 1970 a
1244 1903 1380 1970 Traiano

243 1985 401 2071 acceperat
423 1985 529 2050 autad
545 1985 636 2052 illum
651 1987 789 2063 miserat,
813 1989 941 2052 seorsim
964 1989 1089 2071 collegit
1110 1989 1142 2052 et
1164 1990 1280 2054 librum
1296 1989 1379 2054 deci-

243 2092 330 2138 mum
352 2071 480 2154 reliquis
510 2071 624 2138 litteris
647 2073 680 2136 in
708 2091 819 2138 novem
849 2072 943 2139 libros
967 2073 1096 2158 digestis
1120 2073 1255 2152 addidit,
1280 2075 1379 2141 simili

242 2176 367 2243 prorsus
391 2157 509 2223 ratione
525 2157 727 2242 Symmachus
752 2159 897 2240 epistolas
919 2159 952 2223 in
976 2159 1081 2224 decem
1103 2158 1198 2224 libres
1215 2160 1378 2244 disposuit,

243 2264 374 2329 quorum
397 2243 527 2320 ultimus
552 2261 601 2308 eas
631 2243 782 2322 continet,
818 2263 895 2326 qnae
923 2245 955 2309 in
977 2245 1205 2326 praefecturam
1228 2247 1380 2312 urbanam

244 2330 366 2396 cadunt.
413 2328 563 2394 Attamen
593 2328 648 2394 aut
677 2329 749 2393 ordo
771 2330 877 2412 postea
907 2331 1133 2396 immutabatur
1160 2333 1216 2395 aut
1245 2333 1308 2397 iam
1340 2333 1378 2398 ab

243 2415 333 2482 initio
356 2433 417 2484 non
440 2416 540 2480 certus
565 2415 596 2479 et
624 2414 768 2500 constans
805 2415 992 2495 servabatur,
1025 2418 1152 2481 namin
1181 2419 1281 2500 priore
1304 2419 1378 2483 lihri

243 2502 356 2567 decimi
386 2501 472 2582 parte
500 2501 646 2584 epistolae
674 2500 827 2582 plurimae
856 2502 1018 2584 acephalae
1047 2502 1228 2583 hahentur,
1247 2523 1378 2587 quarum
1407 2523 1409 2528 ¹

242 2605 356 2672 magna
378 2605 450 2669 pars
473 2606 533 2652 non
557 2587 595 2651 ad
618 2605 653 2650 ca
674 2587 818 2669 pertinet,
842 2606 918 2670 quae
933 2606 960 2651 a.
978 2587 1050 2652 384.
1074 2588 1155 2653 inter
1172 2590 1378 2673 ‘imperatores

246 2673 278 2738 ct
301 2671 520 2756 Symmachum
544 2672 694 2736 derebus
718 2672 850 2755 publicis
874 2674 943 2736 acta
966 2673 1050 2737 sunt.
1095 2673 1240 2759 Reliquas
1257 2675 1377 2740 litteras

243 2759 289 2823 ita
304 2758 472 2841 descriptas
488 2757 632 2842 legimus,
656 2758 692 2822 ut
708 2777 784 2840 quas
801 2759 833 2822 at
847 2759 966 2841 patrem
981 2760 1109 2824 miserat
1123 2762 1259 2842 primum
1275 2761 1379 2826 lecum

245 2843 415 2921 obtineant,
446 2845 478 2909 in
508 2844 616 2908 ceteris
648 2841 844 2926 disponendis
874 2845 947 2908 ordo
974 2862 1088 2922 eorum,
1122 2846 1160 2910 ad
1191 2865 1265 2928 quos
1288 2849 1379 2913 datae

242 2929 324 3009 sunt,
354 2929 492 2994 servetur
514 2929 569 3009 ita,
602 2929 638 2993 ut
660 2948 736 3014 quae
766 2929 804 2993 ad
829 2950 925 2994 unum
948 2930 1120 2996 alterumve
1150 2931 1306 3013 pertinent
1328 2933 1377 2997 de-

242 3017 349 3099 inceps
378 3033 410 3080 sc
441 3013 594 3097 excipiant
621 3032 719 3097 neque
742 3013 811 3080 aliis
842 3015 1035 3098 interpositis
1058 3015 1257 3082 divellantur.
1304 3017 1377 3101 lipi-

242 3103 341 3167 stolae
363 3099 402 3166 ad
425 3099 610 3166 Flavianum
641 3099 782 3183 scriptae,
813 3120 882 3165 cum
906 3102 1003 3166 maior
1026 3120 1132 3167 carum
1156 3103 1198 3167 sit
1220 3123 1377 3182 numerus,

242 3189 276 3254 in
300 3207 396 3252 unum
419 3190 450 3252 et
473 3188 598 3272 quidem
622 3187 792 3250 secundum
814 3186 929 3251 librum
953 3188 1027 3250 sunt
1049 3188 1197 3254 redactae.
1244 3189 1281 3252 In
1305 3209 1377 3254 eon-

243 3274 402 3338 stituenda
425 3273 502 3338 serie
525 3292 640 3351 eornm,
665 3273 703 3337 ad
727 3290 802 3356 ques
818 3271 941 3338 litterae
956 3273 1047 3337 datae
1070 3275 1152 3353 sunt,
1177 3274 1250 3338 ordo
1272 3274 1377 3340 nullus

243 3360 292 3426 est
313 3358 483 3424 adhibitus.
528 3357 669 3423 Extericr
684 3357 759 3428 haee
774 3359 876 3421 forma
898 3358 1101 3440 epistolarum
1117 3361 1147 3423 in
1170 3359 1273 3424 decem
1289 3361 1376 3424 volu-

241 3445 328 3510 mina
350 3444 588 3510 distributarum
612 3462 734 3508 omnem
764 3442 827 3507 fere
856 3445 992 3509 continet
1015 3445 1264 3523 similitudinem,
1300 3463 1377 3528 quae

242 3530 323 3595 inter
346 3530 484 3596 Plinium
508 3530 539 3594 et
562 3529 782 3614 Symmachum
804 3527 979 3609 intercedit,
1004 3548 1073 3594 cum
1088 3531 1216 3613 reliquis
1239 3533 1270 3596 in
1286 3531 1377 3595 rebus

242 3633 429 3700 magnopere
451 3615 608 3682 differant.

346 3699 423 3766 (ium
458 3700 576 3766 tamdiu
615 3701 651 3765 de
686 3699 864 3784 Symmachi
898 3700 1037 3783 epistolis
1076 3703 1229 3784 egerimus
1266 3721 1378 3785 easque

242 3785 325 3850 omni
364 3785 425 3850 fere
463 3785 646 3852 auctoritate
684 3785 925 3867 privaverimns,
967 3787 1079 3864 restat,
1118 3789 1153 3852 ut
1193 3788 1305 3870 quibus
1345 3790 1376 3852 in

242 3871 332 3935 rebus
360 3872 511 3936 excellant
538 3873 570 3936 et
596 3891 649 3936 cur
678 3875 712 3935 ut
740 3871 885 3954 legantur
907 3873 1116 3939 commendari
1140 3874 1272 3939 debeant
1294 3874 1376 3938 dica-

241 3967 321 4024 mus.
367 3956 449 4022 Nam
481 3957 519 4021 ut
551 3973 586 4021 ex
616 3959 658 4022 eis
693 3975 838 4040 magnam
872 3956 959 4022 illins
993 3958 1104 4022 aetatis
1140 3959 1285 4023 notitiam
1317 3977 1377 4024 non

242 4044 343 4127 petas,
378 4061 564 4131 quamquam
589 4041 742 4106 habentur
771 4042 822 4106 hic
846 4042 927 4121 illic,
963 4061 1039 4125 quae
1065 4045 1258 4109 consideratu
1285 4043 1378 4128 digna

243 4129 315 4208 sint,
346 4133 381 4194 nt
403 4146 503 4194 sermo
525 4142 596 4193 cum
619 4129 760 4207 summis
793 4145 870 4210 qnae
895 4127 928 4192 in
952 4147 986 4193 eo
1015 4147 1128 4213 genere
1157 4131 1376 4210 excelluerunt,

243 4211 377 4295 ingeniis
401 4213 664 4298 comparationem
687 4233 747 4279 non
771 4213 860 4294 ferat,
892 4213 999 4280 tamen
1023 4215 1197 4298 expeditam
1222 4215 1376 4299 quandam

242 4316 371 4382 eamque
399 4298 521 4366 facilem
552 4302 583 4365 ct
611 4299 800 4384 incomptam
828 4299 998 4365 orationem
1022 4317 1200 4384 cognosces,
1237 4321 1315 4384 qnae
1340 4301 1377 4366 de

242 4383 353 4454 iisdem
376 4385 466 4449 rebus
495 4405 616 4470 semper
639 4386 779 4470 repetitis
802 4385 888 4450 vario
918 4387 1050 4470 quodam
1073 4389 1103 4451 et
1130 4387 1300 4470 multiplici
1329 4386 1376 4451 di·

243 4467 328 4534 cendi
351 4487 462 4554 genere
490 4477 571 4555 agat.
616 4471 663 4537 Ne
686 4471 717 4535 id
741 4470 864 4554 quidem
898 4472 983 4536 brevi
1016 4474 1307 4538 commemoratione
1329 4474 1376 4537 in-

234 4554 372 4638 dignum
395 4555 527 4635 videtur,
561 4558 614 4638 qui
637 4557 764 4622 tandem
786 4555 904 4623 factum
929 4558 981 4636 sit,
1005 4559 1040 4622 ut
1063 4559 1216 4645 crationes
1241 4557 1373 4624 celeber-
