3112 5126
253 409 297 474 30

355 594 409 661 Cui
433 613 468 660 ea
489 595 620 661 oratoris
641 595 745 678 imago
768 594 964 671 obuersatur,
993 611 1087 675 quam
1108 594 1271 661 universus
1293 597 1381 662 illius

254 680 366 746 aetatis
389 699 557 746 consensus
579 679 683 759 refert,
706 681 734 744 is
757 679 967 761 expectatione
990 678 1088 743 falsus
1111 698 1130 743 a
1152 682 1289 763 legendis
1313 682 1382 748 istis

254 765 437 848 fragmentis
461 766 598 830 desistet.
641 768 717 830 Tres
745 767 818 828 sunt
846 763 1056 842 laudationes,
1091 782 1222 845 quarum
1248 767 1328 831 duae
1350 767 1382 831 in

256 851 509 916 Valentinianum
531 850 682 915 seniorem
697 849 891 934 Augustum,
915 850 1007 912 tortia
1028 853 1061 914 in
1077 848 1261 916 Gratianum
1276 853 1382 936 Augu-

252 936 337 1000 stum
359 936 475 1000 habita.
507 934 626 1014 Omnia,
650 953 726 1018 qnae
749 937 782 998 in
806 933 864 998 tali
887 935 1143 1018 panegyricorum
1166 954 1276 1017 genere
1299 939 1382 1002 nitiu-¹

253 1022 387 1102 peranda
409 1021 645 1098 denotabantur,
668 1020 700 1084 in
723 1019 899 1104 Symmachi
921 1037 1041 1100 quoque
1064 1021 1254 1085 orationibus
1276 1040 1383 1086 occur·

254 1106 336 1182 runt,
361 1105 466 1170 cadem
488 1106 587 1171 nimia
608 1106 830 1190 imperatorum
852 1104 999 1184 adulatio,
1023 1103 1105 1169 idern
1128 1106 1181 1187 qui
1205 1107 1288 1188 apud
1310 1107 1381 1172 reli-

253 1207 329 1273 quos
358 1209 465 1256 sermo.
511 1189 689 1256 Ceterarum
723 1191 898 1256 orationum
924 1189 1100 1272 fragmenta
1127 1193 1232 1255 eadem
1261 1192 1382 1270 dicendi

253 1279 320 1340 arte
353 1276 522 1358 composita
555 1275 729 1360 argumenti
764 1276 837 1339 sunt
869 1274 970 1340 multo
1002 1275 1166 1340 inferioris.
1211 1275 1290 1340 Cum
1316 1295 1383 1341 mos

254 1363 357 1426 aetate
378 1361 435 1424 illa
456 1361 670 1439 increbuisset,
694 1366 729 1424 ut
752 1359 805 1441 qui
824 1360 986 1424 consulatu
1002 1359 1180 1443 dignissrmr
1195 1361 1383 1440 viderentur,

252 1465 303 1512 eos
326 1450 449 1512 senatus
466 1444 651 1530 designaret,
675 1444 829 1526 principes
845 1446 1071 1526 confirmarent,
1094 1445 1298 1529 Symmachus
1315 1466 1383 1512 ora-

253 1531 336 1597 tioue
360 1549 437 1614 quae
459 1532 642 1595 inscribitur
667 1531 792 1610 ,landes
815 1532 848 1595 in
878 1532 1002 1614 patres“
1026 1530 1105 1594 hanc
1127 1534 1384 1598 consuetudinem

254 1617 397 1682 omnibus
420 1635 498 1700 quae
522 1635 658 1698 unquam
681 1615 814 1681 fuissent
835 1618 1017 1681 multo'esse
1039 1618 1189 1697 potiorem
1213 1619 1383 1682 contendit.

253 1700 399 1768 Oratione
430 1720 504 1782 ,pro
538 1707 644 1784 patre“
675 1701 774 1780 dicta,
810 1719 902 1782 qnam
935 1703 969 1765 in
1003 1704 1114 1766 senatu
1146 1701 1288 1767 habitam
1319 1723 1384 1767 esse

252 1787 393 1872 pluribus
417 1787 512 1868 ipsius
535 1787 612 1851 locis
635 1786 802 1851 manifesto
822 1785 1025 1866 convincitur,
1050 1787 1171 1850 senatui
1193 1789 1292 1869 patris
1315 1807 1384 1872 gra·

252 1875 323 1949 tias,
348 1873 400 1954 qui
424 1871 532 1936 consul
555 1872 655 1936 fuerat
677 1876 813 1949 creatus,
847 1872 942 1935 refert
969 1875 1001 1936 et
1028 1873 1060 1935 iu
1083 1890 1164 1938 noua
1190 1877 1293 1938 aetate
1317 1879 1384 1938 lau-

253 1956 354 2022 danda
375 1961 591 2022 commoratur.
627 1957 664 2021 ln
678 1957 740 2035 eis,
764 1975 842 2040 quae
869 1974 941 2037 ,pro
964 1957 1129 2040 11111111ιι
1155 1957 1243 2036 dixit,
1266 1961 1383 2023 11111-

254 2043 353 2121 ditur,
383 2044 420 2106 ut
441 2043 563 2106 senatui
585 2043 703 2126 gratias
726 2045 814 2126 agat,
845 2043 925 2124 quod
954 2046 1076 2124 patrem
1102 2044 1227 2125 propter
1253 2044 1383 2108 iniurias

253 2129 315 2192 ruri
340 2127 496 2194 viventem
518 2146 589 2193 mox
611 2130 677 2192 tam
700 2126 865 2192 honorifice
887 2130 1092 2204 revocassent,
1116 2145 1175 2210 quo
1198 2127 1281 2194 facto
1306 2131 1383 2212 Try-

252 2215 380 2298 getium,
404 2216 566 2294 praeturae
589 2213 802 2292 candidatum,
826 2231 1017 2296 summopere
1041 2213 1245 2278 commendat.
1291 2215 1384 2279 Cum-

123 2306 127 2318 '
191 2311 199 2322 “
254 2319 311 2381 que
335 2317 371 2363 ea
393 2297 488 2362 fuerit
511 2299 713 2376 cousuetudo,
746 2301 782 2361 ut
805 2299 856 2379 qui
887 2297 1026 2363 ordinem
1049 2300 1238 2364 senatorium
1262 2302 1384 2382 111111-
1482 2363 1487 2374 ,

253 2385 322 2448 rent
344 2382 518 2447 laudatores
542 2383 698 2462 haberent,
722 2384 867 2464 aquibus
884 2383 1183 2462 commendarentur,
1207 2385 1264 2449 hoc
1285 2385 1385 2450 officio

256 2467 396 2552 fungitur
419 2466 623 2551 Symmachus
645 2469 679 2533 in
708 2470 843 2532 oratione
869 2486 941 2548 „pro
964 2468 1122 2551 Synesio,“
1147 2489 1207 2551 qua
1236 2489 1308 2534 eum
1331 2471 1383 2534 ho·
1464 2467 1467 2472 ’

255 2573 328 2620 nore
356 2555 508 2618 senatorio
537 2553 667 2638 dignum
696 2554 842 2619 ostendit.
890 2551 1015 2631 ,Oratio
1044 2572 1098 2636 pro
1122 2553 1249 2619 Severof
1276 2557 1384 2620 laudes

253 2637 470 2721 complectitur
485 2638 588 2703 Severi
609 2640 780 2717 cuiusdam,
805 2637 856 2722 qui
879 2642 949 2719 post
969 2658 1098 2703 munera
1113 2641 1263 2721 quaedam
1279 2642 1385 2706 sancte

253 2723 473 2790 administrata
495 2724 529 2788 in
553 2725 697 2790 senatum
720 2725 817 2789 lectus
841 2726 915 2790 erat.

355 2809 505 2876 Attamen
534 2827 723 2893 quamquam
756 2809 928 2874 orationum
951 2810 1125 2892 fragmenta
1147 2829 1208 2874 nou
1231 2811 1277 2873 ita
1300 2828 1385 2893 mag·

255 2911 327 2960 narn
351 2895 593 2977 expectationem
617 2898 758 2974 movent,
787 2895 874 2959 illius
903 2895 985 2959 certe
1009 2896 1123 2958 aetatis
1145 2896 1384 2960 facundissimus

253 2984 285 3046 et
308 2979 529 3046 disertissimus
551 2983 633 3060 erat,
667 2999 745 3064 quae
773 2999 820 3045 res
843 2980 977 3045 maximo
1005 2981 1135 3045 testium
1161 3000 1289 3045 numero
1312 2999 1385 3046 con·

253 3065 370 3132 firmari
404 3065 515 3149 potest.
562 3067 645 3131 Nam
679 3069 714 3130 ut
744 3064 916 3130 Cassiodori
947 3067 1048 3129 locum
1076 3084 1171 3147 supra
1200 3083 1385 3131 commemo-

253 3155 356 3218 ratum
380 3153 510 3230 taceam,
529 3151 613 3217 idem
637 3151 753 3216 Variar.
781 3153 830 3230 11,
856 3153 872 3216 1
896 3153 930 3214 in
950 3151 1011 3220 fine
1036 3150 1271 3236 „facundissimi
1294 3150 1384 3235 Sym-

253 3238 355 3303 machi
379 3237 526 3302 oximium
548 3237 686 3302 diotnm“
711 3237 843 3319 profert,
877 3240 908 3300 et
936 3237 1038 3301 simile
1066 3237 1200 3319 legimus
1231 3235 1384 3301 iudicium

254 3321 422 3406 Nicephori
445 3321 522 3387 Gall.
545 3324 574 3387 h.
599 3342 625 3385 e.
651 3323 705 3401 12,
737 3323 777 3387 21
807 3323 841 3387 in
868 3322 928 3386 fine
956 3326 988 3386 et
1010 3321 1144 3387 Socratis
1166 3323 1197 3387 h.
1222 3341 1248 3387 e.
1272 3323 1308 3400 5,
1334 3322 1383 3387 14.

254 3408 321 3474 lam
356 3427 425 3474 vero
459 3425 494 3471 ex
527 3407 624 3491 ipsius
658 3409 799 3491 epistolis
833 3409 1019 3492 quantopere
1060 3408 1167 3473 landes
1201 3408 1267 3473 eius
1303 3409 1385 3488 apud

254 3511 359 3560 omnes
383 3493 525 3575 aequales
548 3493 719 3558 celebratae
735 3494 861 3573 fuerint,
886 3493 1109 3576 cognoscimus.
1134 3492 1295 3558 Orationes
1312 3511 1385 3557 suas

254 3578 397 3644 laudatas
426 3579 502 3644 dicit
518 3594 549 3644 .a
577 3578 705 3664 Syagrio
733 3598 779 3662 ep.
805 3581 838 3661 1,
861 3580 918 3655 96;
951 3581 990 3643 ab
1019 3578 1166 3660 Hesperio
1196 3599 1242 3661 ep.
1268 3580 1302 3658 1,
1327 3579 1384 3652 78;

255 3681 273 3728 1
296 3664 447 3730 Minervio
470 3683 516 3746 ep.
540 3665 570 3743 4,
595 3666 650 3742 18;
673 3665 779 3730 laudes
801 3666 864 3729 iam
887 3667 926 3728 ad
941 3665 1100 3729 universos
1121 3672 1299 3748 penetrasse
1319 3664 1386 3745 ipse

253 3749 415 3834 profitetur
438 3767 484 3832 ep.
508 3752 538 3825 ὃ,
561 3749 619 3814 47:
649 3749 783 3836 „Scribis
805 3749 1010 3815 reverentiam
1033 3751 1132 3815 nostri
1155 3752 1194 3814 ad
1210 3767 1315 3813 omnes
1338 3751 1385 3813 vi-

252 3853 333 3986 pera.
379 3833 505 3901 Gaudeo
528 3836 706 3900 huiusmodi
728 3836 925 3913 testimonio,
960 3835 1013 3899 sed
1040 3835 1186 3916 profiteor
1212 3835 1384 3916 operatua

275 3921 335 4000 eri,
362 3925 397 3985 ut
420 3922 527 3986 taliter
551 3922 650 3986 vireat
673 3921 861 3986 existimatio
884 3925 981 3984 mea.“
1008 3921 1160 3985 Similiter
1182 3940 1248 4003 epp.
1274 3927 1302 3999 l,
1325 3921 1384 3993 523

257 4009 284 4086 1,
309 4008 386 4082 1053
409 4007 439 4085 3,
463 4008 498 4082 7;
521 4006 552 4085 5,
574 4007 626 4070 43.
663 4006 779 4088 Quanti
802 4006 927 4071 habitus
954 4005 998 4069 sit
1019 4007 1178 4070 luculento
1207 4006 1386 4069 testimonio

255 4093 430 4159 Macrobius
453 4095 515 4170 est,
545 4094 598 4175 qui
621 4111 694 4157 eum
717 4091 902 4174 participem
925 4109 990 4155 esse
1014 4091 1113 4157 voluit
1135 4092 1385 4164 collocutionum,

253 4196 330 4260 quius
353 4177 569 4244 Saturnalium
597 4180 733 4259 tempore
755 4178 876 4243 habitas
903 4176 1004 4259 fingit.
1050 4176 1177 4259 Saepius
1200 4176 1386 4266 honestissi-

253 4281 338 4328 mam
360 4265 425 4330 eius
447 4263 524 4330 tacit
539 4265 738 4342 mentionem,
763 4265 846 4327 velut
874 4264 901 4340 1,
928 4263 1015 4340 1,4;
1040 4265 1067 4338 l,
1091 4264 1121 4341 2,
1147 4263 1202 4338 14;
1239 4265 1266 4338 l,
1289 4261 1319 4339 4,
1343 4260 1385 4324 26

255 4351 323 4426 111,
346 4349 504 4432 imprimis
526 4351 557 4429 b,
583 4350 616 4414 1:
642 4346 799 4427 ,Quattuor
820 4351 894 4413 sunt
915 4365 1028 4431 genera
1049 4350 1187 4414 dicandi:
1215 4347 1384 4429 copiosum,

255 4436 287 4500 in
309 4453 370 4517 quo
392 4435 497 4502 Cicero
519 4435 708 4512 dominatur,
731 4437 831 4511 breve,
856 4433 890 4498 in
913 4452 972 4516 quo
994 4433 1162 4500 Sallustius
1183 4436 1303 4517 regnat,
1326 4433 1386 4496 sio-

256 4539 336 4600 oum,
360 4523 440 4606 qnod
457 4521 604 4587 Frontoni
626 4521 799 4601 ascribitur,
822 4520 937 4604 pingue
960 4525 991 4585 et
1012 4519 1166 4604 floridum,
1189 4523 1222 4587 in
1243 4537 1303 4602 quo
1318 4515 1385 4580 Pli-

256 4605 325 4676 nius
348 4606 504 4674 Sccuudus
533 4606 690 4694 quondam
718 4608 750 4672 et
777 4626 859 4672 nunc
887 4607 973 4674 111111
1003 4611 1139 4675 veterum
1169 4605 1385 4690 1111118111-
