3112 5126
1276 301 1316 366 21

290 481 326 572 id
342 483 406 550 iere
421 485 468 550 est
483 485 702 569 argumentum
718 485 935 553 celeberrimae
948 486 1108 552 relationis
1125 486 1319 572 Symmachi·

187 586 278 658 anae,
314 589 375 652 qna
397 572 500 636 orator
523 571 656 636 illustris
689 591 760 637 cum
792 572 884 637 initio
906 572 1043 638 dicturus
1077 575 1158 639 esset
1187 574 1224 648 de
1254 575 1320 639 sola

188 673 242 721 ara
265 655 420 720 Victoriae
443 656 608 722 artioribus
631 658 679 723 his
701 657 816 723 finibus
838 677 900 723 non
923 659 1151 737 continebatur,
1175 658 1228 723 sed
1251 660 1319 724 lon-

185 743 255 825 gius
278 759 429 822 agressus,
453 742 554 806 totum
576 742 695 824 priscae
717 743 878 826 religionis
902 745 1019 810 statum
1041 744 1226 827 percensuit.

290 825 374 904 Quae
397 827 543 908 qnoniam
565 847 663 909 neque
692 828 816 910 publice
838 828 977 904 recitata,
1007 848 1062 894 neo
1085 829 1193 894 stetim
1216 829 1319 895 divul-

186 912 261 996 gata
284 913 340 992 est,
362 910 455 976 initio
478 931 583 976 rumor
597 915 720 978 tautum
736 913 801 978 eius
817 914 1003 996 percrebuit,
1028 915 1080 996 qui
1103 916 1169 996 ipse
1185 913 1318 980 Christi·

187 1015 261 1062 anos
294 997 414 1078 ingenti
441 1001 557 1062 terrore
587 998 704 1078 affecit,
737 1000 893 1076 verentes,
923 1018 961 1064 ne
982 1000 1151 1081 imperator
1180 999 1320 1065 disertis·

186 1083 265 1148 simo
295 1081 541 1147 adversariorum
563 1085 693 1165 petrono
723 1103 811 1148 aures
842 1086 1009 1167 praeberet.
1046 1084 1135 1165 Quod
1164 1105 1203 1149 ne
1232 1087 1320 1151 fieret

168 1168 341 1251 simulque
363 1168 401 1230 ut
414 1167 550 1232 iuvenile
565 1169 714 1251 principis
736 1169 901 1252 ingenium
917 1169 1011 1235 offleii
1034 1171 1083 1234 sui
1098 1174 1317 1248 commoneret,

184 1253 266 1337 quod
287 1252 322 1315 iu
345 1253 536 1318 defendenda
559 1254 807 1325 Christianorum
829 1258 1125 1335 cessaveramus,
1149 1255 1182 1320 id
1205 1275 1318 1320 munus

185 1339 368 1406 Ambrosius
391 1355 409 1400 a
437 1337 564 1404 numine
586 1340 646 1403 s1b1
668 1342 844 1404 rnrunctum
866 1340 1006 1422 putavit,
1042 1341 1089 1406 vir
1112 1342 1143 1406 et
1165 1360 1183 1406 a
1206 1341 1318 1424 populo

183 1425 275 1491 unice
288 1423 419 1488 dilectus
431 1425 463 1487 et
473 1424 506 1489 in
521 1424 612 1489 rebus
624 1425 757 1508 publicis
774 1425 1005 1491 versatissimus
1020 1425 1163 1508 idemque
1178 1441 1318 1491 summus

184 1512 217 1576 et
238 1509 341 1574 iautor
363 1507 577 1574 Valentiniani
606 1512 637 1575 et
659 1511 823 1576 consultor.
869 1511 911 1591 ls,
934 1511 988 1575 ubi
1010 1510 1146 1595 primum
1169 1512 1205 1576 de
1227 1510 1318 1595 Sym-

184 1595 286 1660 machi
309 1593 461 1677 petitione
483 1596 567 1661 fama
583 1595 730 1674 innotuit,
753 1596 935 1678 priusquam
957 1597 1060 1678 ipsum
1082 1597 1237 1678 exemplar
1252 1616 1318 1678 per·

184 1680 321 1764 legisset,
338 1682 462 1746 brevem
477 1683 731 1764 argumentorum
743 1681 988 1746 confutationem
1004 1682 1177 1763 composuit
1189 1699 1318 1764 eamque

184 1765 366 1848 imperatori
389 1765 512 1844 obtulit,
543 1785 620 1848 quae
651 1785 733 1832 nuno
762 1766 844 1832 inter
866 1767 931 1831 eius
955 1766 1103 1848 epistolas
1134 1767 1232 1832 fertur
1257 1768 1317 1844 17,

183 1852 264 1916 unde
294 1849 440 1934 colligas,
474 1852 626 1916 rationem
648 1853 681 1916 et
707 1853 805 1930 viam,
833 1871 893 1935 qua
916 1851 1122 1935 Symmachus
1145 1871 1219 1916 usus
1242 1856 1317 1928 erat,

183 1937 359 2022 generatim
382 1935 506 2017 quidem
530 1936 558 2022 ei
581 1939 649 2000 tum
672 1937 736 2000 iam
759 1938 864 2002 notam
886 1937 998 2001 tuisse:

284 2019 469 2087 Ambrosius
484 2023 556 2086 inde
572 2021 730 2086 exordium
745 2022 837 2104 capit,
853 2025 889 2085 ut
904 2039 1020 2099 omnes,
1037 2021 1090 2103 qui
1107 2025 1164 2087 sub
1180 2023 1318 2088 Romana

182 2107 299 2172 ditione
314 2107 431 2183 vivant,
453 2106 647 2189 imperatoris
665 2105 803 2171 nominet
819 2106 945 2183 milites,
969 2105 1055 2170 illius
1073 2125 1143 2171 voro
1160 2126 1316 2172 summum

182 2191 476 2274 sanctissimumque
504 2211 617 2256 munus
648 2191 803 2276 significet
831 2191 982 2256 militiam
1014 2209 1069 2274 pro
1092 2192 1157 2255 Deo
1191 2192 1317 2275 eiusque

182 2279 269 2343 onltu
292 2277 477 2358 susceptam.
523 2276 663 2358 Cumque
678 2277 880 2360 Symmachus
902 2277 937 2341 in
952 2296 1020 2341 eam
1043 2276 1230 2341 sententiam
1253 2277 1316 2341 dis-

181 2363 336 2447 putasset,
370 2362 407 2426 ut
440 2363 486 2425 nil
527 2363 590 2427 fere
625 2362 775 2428 interesse
809 2363 937 2440 diceret,
971 2381 1030 2444 quo
1064 2361 1193 2443 quisque
1226 2362 1316 2427 modo

181 2467 297 2514 numen
317 2446 458 2512 divinum
489 2449 615 2524 coleret,
648 2447 789 2529 episcopo
817 2447 891 2512 talis
918 2447 1021 2530 opinio
1043 2447 1207 2512 refutanda
1230 2447 1314 2512 vide-

181 2538 234 2598 tur
256 2551 354 2614 neque
370 2533 453 2597 ullus
468 2531 678 2598 admittendus
694 2532 797 2596 cultus
810 2533 931 2614 praeter
947 2531 1167 2596 Christianum.
1193 2531 1315 2616 ,Aliter

181 2619 283 2685 enim“
296 2625 299 2634 ’
313 2618 416 2699 inquit
446 2617 550 2699 „salus
579 2619 647 2682 tuta
675 2634 825 2683 essenon
855 2617 982 2700 poterit,
1011 2616 1074 2681 nisi
1103 2618 1316 2699 uuusquisque

182 2707 282 2770 Deum
305 2721 422 2782 verum,
446 2704 573 2767 hoc'est
597 2703 697 2768 Deum
719 2701 978 2780 Christianorum,
1013 2720 1113 2784 aquo
1136 2704 1246 2767 cuncta
1268 2722 1316 2767 re·
1403 2760 1406 2767 .

180 2792 308 2874 guntur,
332 2787 484 2852 veraciter
506 2787 614 2852 colat.“
651 2787 826 2853 Gentilium
856 2789 928 2852 deos
951 2787 1110 2852 daemonia
1133 2806 1218 2852 mera
1240 2807 1315 2863 asse,
1381 2869 1384 2874 ,

180 2875 365 2960 quibuscum
389 2872 561 2938 consentire
588 2873 707 2938 nemini
740 2873 857 2938 liceret.
902 2873 1020 2937 Mirum
1047 2877 1130 2937 corte
1153 2892 1229 2949 esse,
1265 2891 1314 2937 eos

181 2961 217 3025 de
239 2957 362 3024 iniuriis
386 2957 483 3042 queri,
509 2957 561 3040 qui
584 2977 744 3040 nunquam
767 2957 1018 3023 Christianorum
1040 2959 1183 3040 sanguini
1206 2976 1316 3040 peper-

180 3045 303 3122 cissent,
328 3048 380 3126 qui
402 3043 470 3125 ipsa
491 3044 691 3109 ecelesiarum
714 3043 853 3109 aedificia
881 3043 1086 3121 submissam,
1112 3044 1165 3126 qui
1188 3042 1316 3108 Juliano

180 3131 275 3198 etiam
308 3130 456 3211 regnante
493 3128 700 3205 „Christianis
732 3129 878 3211 loquendi
912 3130 944 3193 et
965 3128 1093 3193 docendi
1123 3147 1315 3193 communem

179 3234 269 3281 usum
287 3215 520 3297 denegassent“.
545 3215 742 3297 Tantumque
758 3216 872 3292 abesse,
889 3214 925 3277 ut
939 3231 1017 3294 qnae
1033 3213 1082 3277 illi
1099 3213 1215 3278 vellent
1226 3213 1319 3277 restis

179 3300 295 3365 tuenda
317 3299 505 3380 viderentur,
529 3301 565 3364 ut
587 3300 614 3364 si
630 3300 694 3367 iem
715 3299 819 3364 ablata
834 3317 895 3364 non
911 3299 1024 3375 essent,
1047 3299 1155 3362 statim
1178 3298 1316 3362 tollenda

180 3387 292 3451 essent.
338 3385 447 3448 Monet
468 3384 699 3466 imperatorem,
731 3403 769 3448 ne
791 3383 935 3450 Gratiani
957 3385 1075 3448 statuta
1098 3384 1130 3447 et
1150 3384 1316 3467 praecepta

179 3470 364 3536 rescinderet
386 3489 463 3534 nere
497 3488 602 3534 eorum
635 3468 789 3535 illecebris
824 3488 855 3533 se
883 3468 1033 3533 devinciri
1067 3469 1233 3550 pateretur,
1263 3469 1315 3550 qui

179 3556 305 3622 mollem
327 3555 525 3637 imperatoris
541 3556 676 3620 aetatem
698 3554 806 3619 fallere
830 3555 1024 3619 conarentur.
1048 3553 1152 3635 thue
1173 3553 1206 3617 iu
1223 3555 1315 3618 rebus

179 3638 368 3705 militaribus
390 3639 417 3704 is
445 3640 613 3718 audiretur,
650 3639 703 3723 qui
727 3639 910 3703 exercitatus
933 3643 1012 3704 esset
1042 3637 1075 3702 in
1098 3638 1234 3721 proeliis,
1269 3638 1316 3702 ita

179 3745 249 3790 cum
272 3727 309 3790 de
331 3724 482 3808 religione
504 3727 657 3808 ageretur,
681 3727 782 3790 Deum
810 3743 877 3789 esse
900 3723 1099 3789 audiendum.
1147 3723 1312 3804 „Nullins“

179 3810 266 3875 addit
292 3809 424 3887 ,iniuria
445 3817 500 3889 est,
525 3812 573 3875 cui
599 3811 685 3874 Dens
708 3810 903 3892 omnipotens
926 3810 1144 3874 anteferatur.“
1192 3809 1343 3873 Adher--

179 3896 264 3960 tetur
287 3894 515 3978 imperatorem,
540 3915 578 3960 ne
602 3895 646 3960 eis
670 3913 759 3959 aures
775 3895 945 3978 praeberet,
969 3895 1023 3976 qui
1049 3913 1236 3977 quamquam
1254 3893 1314 3976 ipsi

179 3979 297 4045 Christi
312 3981 438 4045 nomine
450 3981 611 4064 appellati,
628 3980 865 4046 idololatrorum
881 3984 985 4045 tamen
1001 3979 1148 4061 petitioni
1164 3978 1313 4056 faverent,

179 4084 259 4148 qnae
281 4065 476 4150 negligentia
509 4067 579 4148 ipsa
612 4067 674 4130 iam
697 4066 780 4130 esset
801 4066 939 4144 scelesta,
972 4083 1045 4129 nam
1075 4062 1236 4146 „quisquis
1258 4063 1317 4126 hoc

179 4149 291 4216 suadet
312 4150 466 4216 sacrificet
488 4152 519 4216 et
534 4151 674 4235 quisquis
696 4148 754 4216 hoc
774 4149 917 4215 stetuit“.
964 4149 1122 4227 Senatum,
1146 4165 1238 4230 quem
1252 4146 1316 4212 iam

178 4236 282 4300 totum
315 4234 564 4302 Christianorum
598 4255 663 4302 esse
693 4236 833 4313 simulat,
869 4233 1039 4319 periclitari
1071 4235 1127 4311 ait,
1161 4235 1193 4298 et
1226 4232 1316 4314 qnasi

180 4336 286 4386 omues
298 4323 453 4386 senatores
468 4321 505 4385 ut
520 4339 607 4386 sacra
623 4321 759 4385 facerent
774 4321 968 4405 cogerentur,
982 4319 1123 4402 argutius
1136 4337 1210 4383 saue
1222 4336 1316 4400 quam

179 4405 285 4470 venus
308 4406 471 4472 exclamat:
497 4426 588 4488 „cum
604 4406 690 4470 curia
704 4405 820 4471 maiore
837 4406 903 4470 iam
918 4403 1165 4469 Christianorum
1187 4422 1315 4468 numero

181 4489 225 4554 sit
246 4492 368 4573 referta,
392 4491 637 4575 persecutionem
660 4509 726 4556 esse
756 4491 892 4556 crederet
914 4488 1119 4568 Christianus,
1149 4489 1202 4572 qui
1225 4508 1316 4577 coge·
