3108 5126
1324 287 1344 362 t

160 538 164 542 -
216 507 276 555 non
299 505 405 553 sumus
427 485 590 551 vetustatis
613 485 769 570 exemplis.
805 485 951 551 Vidimus
980 505 1057 568 quae
1085 488 1155 551 acta
1182 487 1342 567 miramur,

216 575 392 640 catenatum
419 591 530 654 agmen
563 570 663 636 victae
691 571 793 653 gentis
816 571 935 648 induci,
970 572 1102 653 illosque
1129 573 1195 636 iam
1223 574 1343 655 pridem

215 662 316 725 truces
349 657 455 721 vultus
488 656 600 722 misero
633 657 750 738 pallore
783 659 929 722 mutatos.
974 656 1069 721 Stetit
1098 676 1208 722 arenae
1241 660 1342 722 medio

211 743 356 812 subiecta
378 743 547 824 voluptati,
584 760 661 823 quae
688 741 749 806 fuit
777 745 849 806 ante
872 741 1046 806 formidini:
1083 745 1223 808 assuetae
1247 745 1342 808 armis

215 830 384 916 gentilibus
412 847 523 892 manns
552 826 740 910 gladiatoria
760 827 968 892 instrumenta
989 829 1162 893 tenuerunt.
1207 828 1342 894 Felicem

215 915 309 981 nimis
331 913 407 980 belli
428 913 521 978 istius
545 913 663 988 ducem,
687 911 740 992 qui
760 912 884 977 divinae
899 912 1081 976 clementiae
1103 915 1222 978 vostrae
1244 915 1342 979 frctus

216 1000 361 1082 auspiciis
384 1019 421 1064 ex
442 1016 570 1062 numero
592 997 729 1061 hostium
750 997 827 1061 alios
850 997 888 1061 ad
904 996 1099 1062 securitatem
1115 999 1342 1079 provinciarum

214 1085 340 1168 penitus
363 1082 504 1160 extinxit,
528 1081 606 1146 alios
629 1083 666 1146 ad
688 1081 844 1147 laetitiam
867 1082 967 1164 plebis
985 1083 1117 1147 Martiae
1140 1085 1339 1149 reservavit.“

213 1171 346 1236 Etcum
372 1170 406 1233 in
433 1169 534 1250 prisca
561 1167 722 1249 republica
743 1169 868 1232 senatus
890 1167 1057 1232 auctoritas
1086 1167 1180 1232 fuerit
1208 1187 1340 1246 summa,

213 1255 413 1334 Symmachus
436 1254 526 1317 huius
548 1252 747 1336 potissimum
770 1252 887 1318 ordinis
910 1253 1018 1317 honori
1047 1255 1078 1316 et
1107 1253 1189 1317 laudi
1219 1255 1342 1319 studuit

212 1342 300 1424 eique
327 1342 409 1404 certe
437 1357 473 1402 ea
506 1343 578 1413 ante
605 1337 708 1402 oculos
738 1337 922 1404 versabatur
950 1338 1083 1420 species,
1115 1357 1208 1418 quam
1236 1337 1342 1404 Cicero

207 1423 316 1508 ‘paucis
339 1423 582 1504 circumscripsit
605 1423 717 1501 verbis,
741 1442 811 1486 curn
834 1424 977 1488 senatum
999 1426 1121 1488 vocaret
1143 1423 1225 1488 orbis
1242 1426 1341 1488 terrae

211 1509 442 1575 sanctissimum
465 1507 745 1590 gravissimumque
768 1509 941 1573 consilium.
987 1509 1027 1572 Et
1049 1527 1238 1590 quamquam
1259 1513 1340 1574 tem-

211 1614 322 1679 porum
353 1594 434 1658 vices'
468 1595 519 1656 vix
552 1593 616 1656 ullo
650 1592 682 1654 in
717 1594 820 1658 ordine
853 1595 919 1657 tom
952 1593 1116 1657 manifesto
1150 1595 1340 1675 apparebant

211 1683 304 1763 atquc
326 1679 360 1742 in
383 1679 491 1742 senatu
514 1680 590 1758 ipsc,
614 1677 666 1758 qui
688 1678 839 1758 pristinae
863 1678 1028 1761 dignitatis
1044 1678 1095 1743 vix
1110 1679 1255 1743 umbram
1277 1699 1342 1744 ser·

210 1765 351 1841 vaverat,
386 1764 492 1828 tamen
515 1765 598 1846 ipsas
625 1763 737 1846 prioris
766 1763 882 1844 gloriae
907 1764 1056 1844 reliquias
1085 1763 1176 1827 anxie
1203 1763 1340 1828 defendit

210 1849 423 1933 Symmachus,
447 1849 590 1912 laudibus
614 1849 738 1912 senatus
755 1850 903 1931 augendis
918 1850 1074 1930 egregiam
1095 1849 1190 1912 navat
1206 1867 1339 1930 operam,

210 1933 334 2017 siquid
356 1933 478 2009 accidit,
502 1951 561 2014 quo
584 1933 648 1996 eius
677 1933 845 1998 auctoritas
872 1932 1108 2015 infringeretur,
1142 1934 1341 1998 vehementer

210 2020 294 2084 dolet
317 2019 396 2101 (epp.
421 2019 450 2096 6,
475 2018 531 2102 22;
557 2018 604 2098 10,
631 2020 693 2101 14),
717 2018 749 2080 in
768 2017 940 2099 privilegiis
963 2017 1062 2082 ordini
1086 2020 1247 2082 servandis
1271 2038 1339 2082 ma·

211 2103 327 2169 rimam
349 2103 439 2185 ponit
461 2121 565 2168 curam
588 2102 670 2185 (epp.
693 2104 723 2182 5,
747 2103 804 2185 623
826 2103 856 2184 5,
880 2101 943 2186 65).
1273 2109 1277 2115 ’

311 2189 418 2270 Neque
441 2205 511 2252 vero
535 2191 610 2252 adeo
633 2191 700 2252 erat
722 2189 913 2263 occoecatus,
943 2187 979 2252 ut
1000 2187 1187 2268 reipublicae
1210 2189 1338 2266 statum,

209 2274 310 2359 qualis
344 2273 421 2338 olim
454 2273 573 2352 fuerat,
605 2274 709 2338 totum
740 2272 966 2337 restituendum
1001 2275 1155 2354 putaret
1188 2275 1339 2356 Tempora

207 2379 332 2442 prorsus
355 2359 479 2423 mutata
508 2377 573 2424 esse
602 2376 774 2438 novamque
796 2358 932 2422 aetatem
959 2358 1048 2422 novis
1071 2377 1158 2440 egere
1181 2357 1338 2422 inst'tutis

208 2445 323 2526 optime
346 2444 509 2526 perspexit.
532 2444 649 2509 idcirco
672 2444 873 2526 imperatores
897 2461 957 2507 non
981 2461 1016 2506 ea
1038 2447 1136 2518 modo,
1160 2461 1238 2524 quae
1254 2444 1338 2507 iusta

207 2532 335 2611 viroque
356 2530 474 2593 urbano
497 2527 593 2614 digna
614 2529 696 2606 erat,
732 2528 928 2592 observantia
957 2528 1067 2607 coluit,
1104 2530 1158 2592 sed
1187 2530 1269 2592 ultro
1293 2529 1338 2593 eis

207 2616 292 2680 totus
315 2614 469 2696 obligatus
492 2633 623 2697 veraque
651 2616 682 2679 et
705 2613 813 2678 stabili
836 2613 976 2678 amicitia
998 2614 1160 2678 devinctus
1183 2633 1338 2696 nusquam

207 2719 313 2765 eorum
342 2699 533 2764 mentionem
561 2699 651 2777 facit,
685 2699 760 2780 quin
788 2698 926 2763 maxima
954 2699 1116 2763 devotione
1144 2701 1338 2783 summisque
1380 2703 1386 2733 ²

205 2785 346 2850 laudibus
376 2801 427 2848 eos
450 2783 564 2848 oderat.
591 2784 635 2848 Ut
658 2784 778 2849 taceam
800 2783 1023 2865 appellationes
1046 2787 1108 2848 iarn
1132 2804 1191 2849 usu
1213 2781 1337 2867 pe'rvul-

207 2872 310 2953 gatae,
341 2869 429 2936 velut
456 2888 527 2934 eum
549 2868 806 2934 Valentinianum
835 2869 911 2933 dicit
937 2869 1039 2948 „omni
1062 2872 1163 2935 aetate
1186 2889 1337 2936 memora-

205 2955 302 3020 bilem
324 2954 511 3036 principem“
538 2955 596 3037 (ep.
620 2955 655 3030 9,
681 2955 772 3038 131),
802 2953 1029 3038 ,venerabilem
1052 2956 1173 3036 patrem
1195 2958 1333 3038 patriae“

205 3042 264 3123 (ep.
289 3041 326 3117 3,
360 3040 414 3124 82)
443 3041 475 3103 et
494 3058 582 3120 quae
610 3039 673 3104 alia
701 3039 765 3104 eius
795 3041 919 3122 generis
948 3039 980 3102 in
1014 3041 1155 3122 epistolis
1183 3042 1337 3108 habentur

204 3126 354 3208 plurima,
391 3128 421 3188 at
444 3124 476 3187 in
499 3125 708 3207 panegyricis,
744 3143 874 3206 quorum
897 3126 1073 3208 fragmenta
1100 3129 1195 3190 ctiam
1218 3131 1335 3205 extant,

204 3211 425 3292 imperatorum
456 3210 562 3274 laudes
592 3229 663 3274 eurn
684 3209 718 3274 in
740 3211 868 3275 modum
891 3213 1041 3293 augentur
1065 3211 1097 3275 et
1113 3215 1337 3295 exaggerantur

204 3295 327 3378 ipsique
349 3295 424 3358 adeo
446 3295 478 3359 in
501 3297 622 3360 coelum
650 3295 855 3372 extolluntur,
889 3297 925 3358 ut
953 3296 1072 3360 animos
1102 3300 1222 3362 nostros
1250 3317 1336 3362 sum·

205 3399 328 3462 mopere
352 3379 486 3444 offendat
508 3382 539 3444 et
561 3380 746 3446 documento
768 3381 825 3458 sit,
857 3385 1045 3463 quantopere
1073 3381 1097 3444 ii
1124 3401 1243 3464 quoque
1265 3383 1334 3460 viri,

204 3483 280 3548 quos
302 3465 424 3530 miseris
447 3466 495 3529 his
520 3466 741 3530 blandimentis
764 3467 846 3530 certo
870 3467 1002 3530 maiores
1024 3468 1199 3546 putaveras
1223 3468 1336 3551 quippe

184 3551 256 3632 -qui
279 3568 399 3632 semper
421 3551 621 3632 antiquitatis
644 3550 889 3616 studiosissimos
915 3557 1115 3634 veterumque
1144 3570 1266 3617 morum
1287 3556 1336 3617 in-

203 3636 385 3717 tegerrimos
409 3635 543 3700 cultores
566 3655 599 3699 se
620 3635 858 3718 praedicassent,
882 3636 1039 3700 communi
1060 3639 1235 3721 temporum
1259 3637 1336 3704 vitio

203 3720 367 3797 cesserint;
400 3721 481 3801 quod
510 3721 666 3802 imprimis
693 3721 727 3784 in
750 3720 895 3785 laudibus
929 3721 994 3784 Val.
1023 3721 1064 3786 Π.
1094 3725 1229 3806 apparet.
1275 3723 1335 3789 Sed

204 3806 241 3870 ut
264 3805 302 3868 ad
324 3805 507 3870 institutum
530 3807 671 3870 nostrum
694 3807 865 3884 redeamus,
891 3825 985 3888 quam
1007 3807 1155 3873 familiari
1177 3809 1240 3873 fere
1256 3809 1335 3874 ami-

202 3891 278 3954 citia
299 3891 536 3973 imperatoribus
559 3891 683 3955 iunctus
706 3891 801 3956 fuerit
824 3893 923 3956 multa
945 3895 1034 3972 sunt,
1065 3913 1144 3974 quae
1167 3892 1331 3959 declarent.

202 3975 246 4040 Ut
267 3983 365 4056 pauc'a
387 3978 477 4040 modo
500 3976 726 4060 significemus,
759 3976 926 4043 Gratianus
949 3996 1020 4056 eum
1044 3998 1071 4043 a.
1095 3979 1168 4042 377.
1192 3997 1264 4059 prae
1287 3997 1335 4042 ce·

202 4061 278 4124 teris
301 4060 480 4138 honoravit,
516 4080 586 4126 curn
615 4063 753 4127 edictum
782 4064 815 4126 in
844 4064 952 4127 senatu
974 4063 1166 4128 recitandum
1193 4062 1221 4127 ei
1243 4081 1334 4127 man·

201 4146 306 4222 daret,
338 4147 531 4227 praefectura
558 4149 675 4212 urbana
697 4166 759 4212 non
782 4149 902 4229 petenti
930 4167 949 4212 a
970 4148 1139 4213 Theodosio
1167 4149 1198 4212 et
1220 4149 1335 4214 Valen-

201 4229 324 4295 tiniano
347 4233 457 4312 sponte
486 4231 590 4297 delata
621 4233 670 4297 est
697 4233 756 4318 (ep.
782 4235 838 4312 10,
861 4235 930 4318 22),
954 4233 1019 4298 Oal.
1043 4236 1114 4301 Jan.
1138 4252 1174 4298 ex
1196 4237 1334 4298 veterum

202 4317 422 4380 consuetudine
446 4317 559 4383 strenis
582 4318 689 4382 missis
708 4321 748 4384 ab
763 4317 1001 4400 imperatoribus
1025 4319 1201 4386 ornabatur.
1226 4321 1334 4402 Itaque

201 4401 287 4465 aetas
315 4401 374 4466 illa
401 4422 455 4484 per
482 4421 638 4468 summum
668 4404 842 4470 divinorum
873 4404 1050 4486 principum
1077 4423 1192 4470 numen
1221 4407 1333 4491 guber·

201 4489 277 4552 nata
311 4485 461 4553 eiusmodi
495 4507 515 4556 a
543 4489 728 4573 Symmacho
762 4491 936 4556 celebratur
978 4488 1138 4572 laudibus,
1172 4496 1208 4558 ut
1242 4509 1335 4558 aurea
