3108 5126
223 278 266 343 24

220 463 472 546 percensendam,
505 482 565 545 qua
587 466 622 528 ut
650 463 859 529 emolumenta
886 463 1095 530 sacerdotibus
1118 445 1353 550 virginibusque

222 549 402 614 Vestalibus
418 549 562 613 darentur
584 550 771 632 poposcerat.
810 549 910 628 Quam
932 550 1170 633 ignominiosam
1191 551 1236 615 ait
1252 552 1353 618 videri

220 634 452 698 immunitatem
480 634 570 698 illam
605 635 680 698 adeo
714 633 934 699 necessariam!
973 634 1043 700 Nou
1077 654 1147 719 ergo
1179 638 1353 720 gratuitam

221 739 286 784 csse
310 719 533 802 virginitatem,
559 718 612 782 sed
634 718 708 783 solis
730 718 898 783 honoribus
922 720 953 784 et
973 720 1118 803 praemiis
1141 727 1351 802 provocatam,

219 805 315 869 immo
338 804 383 868 ita
397 823 517 886 quoque
533 803 584 870 vir
600 823 784 886 quemquam
799 802 896 880 allici,
920 824 992 869 cum
1015 824 1160 870 numerus
1174 807 1352 873 Vestalium

219 890 411 972 perexiguus,
437 890 487 954 vir
502 892 621 970 septem
635 888 756 970 puellae
772 891 878 973 captae
899 891 1011 955 essent.
1035 890 1228 955 Christianae
1245 895 1353 957 contra

219 974 357 1058 virgines
391 974 485 1038 nullis
520 974 761 1056 pulchritudinis
795 974 975 1052 lenociniis,
1016 975 1111 1041 nullis
1145 994 1353 1058 purpurarum

220 1060 411 1143 insignibus,
441 1059 528 1124 nullo
552 1060 732 1124 deliciarum
760 1060 834 1125 luxu
856 1062 893 1124 ut
915 1079 971 1124 sua
992 1062 1101 1142 sponte
1126 1061 1353 1128 continentiam

219 1143 435 1228 profiterentur
469 1143 590 1209 adduci.
635 1143 772 1225 Cumque
804 1146 934 1227 gentiles
956 1146 993 1208 ut
1015 1144 1053 1210 ad
1082 1148 1255 1211 sacerdotes
1279 1166 1352 1212 snos

219 1230 355 1313 praemia
377 1231 408 1294 et
430 1229 579 1295 beneficia
594 1229 785 1293 deferrentur
799 1229 992 1312 petivissent,
1017 1232 1142 1313 opponit
1159 1232 1202 1296 eis
1218 1232 1353 1298 Christi-

219 1333 306 1396 anos,
334 1315 420 1397 „qui,
445 1333 631 1396 quamquam
655 1314 698 1379 cis
722 1315 815 1380 etiam
843 1316 983 1396 privatae
1007 1317 1209 1382 successionis
1232 1318 1351 1382 emolu·

218 1403 325 1468 menta
340 1401 539 1484 denegentur,
563 1418 624 1464 non
645 1402 749 1465 tamen
767 1401 1025 1482 conquerantur“.
1070 1402 1137 1466 lam
1153 1422 1214 1483 qua
1230 1421 1353 1468 summa

221 1487 338 1551 iniuria
366 1484 399 1549 in
422 1484 610 1550 Christianos
634 1485 900 1551 animadvertatur
927 1486 1072 1568 exemplis
1101 1487 1228 1569 prolatis
1263 1489 1352 1570 pate-

219 1571 297 1636 facit
320 1572 411 1653 atque
438 1570 586 1635 illustrat.
633 1571 738 1652 ,Quod
769 1571 977 1636 sacerdotibus
1005 1571 1069 1635 fani
1097 1572 1246 1656 legaverit
1269 1573 1353 1637 chri-

148 1689 153 1696 ·
220 1657 321 1722 stiana
346 1656 436 1720 vidua
460 1655 552 1736 valet,
577 1657 657 1739 quod
680 1657 834 1722 ministris
851 1657 909 1722 Dei
932 1675 993 1720 non
1017 1657 1128 1721 valet.“
1160 1658 1202 1721 Et
1223 1658 1353 1740 reliquis

219 1741 344 1806 iniuriis
378 1741 533 1824 percensis
569 1741 790 1825 gloriabundus
819 1741 1065 1807 Christianorum
1098 1760 1199 1807 mores
1232 1743 1349 1807 laudat.

220 1826 399 1912 „Possessio
423 1826 570 1890 eeclesiae
594 1827 737 1908 sumptus
766 1829 814 1892 est
842 1845 1015 1909 egenorum.
1061 1826 1250 1906 Numerant,
1275 1847 1351 1909 quos

217 1911 406 1977 redemerint
418 1911 535 1994 templa
547 1911 692 1994 captivos,
706 1931 782 1994 quae
796 1912 985 1978 contulerint
996 1911 1146 1976 alimenta
1155 1913 1350 1996 pauperibus,

219 1998 332 2080 quibus
357 1996 500 2061 exulibus
517 1998 642 2064 vivendi
665 1998 803 2063 subsidia
825 1997 1081 2062 ministraverint.
1109 1998 1240 2063 Praedia
1255 1997 1351 2081 igitur
1432 1995 1437 2014 “
1537 1979 1538 2000 ¹

218 2081 389 2164 intercepta
412 2083 497 2158 sunt,
520 2101 579 2146 non
602 2083 700 2147 iuraf‘
746 2083 813 2148 Iam
836 2083 874 2146 ad
899 2083 1010 2146 famem
1034 2081 1167 2159 devenit,
1198 2103 1258 2166 qua
1280 2087 1350 2149 deo-

217 2188 287 2233 rum
310 2167 389 2232 iram
411 2167 583 2250 significari
605 2168 773 2247 putabant,
803 2168 883 2250 quod
907 2168 1126 2249 argumentum
1156 2186 1226 2232 cum
1250 2168 1350 2233 totum

217 2252 441 2335 quodammodo
476 2252 637 2317 vacillaret
670 2257 699 2316 et
732 2253 937 2328 claudicaret,
971 2269 1031 2316 non
1053 2271 1128 2315 sane
1156 2253 1202 2316 ita
1225 2253 1351 2317 difficile

106 2361 112 2374 ‘
219 2338 285 2402 erat
306 2336 441 2401 irridere.
488 2336 724 2414 Commemorat,
749 2338 869 2420 quoties
892 2337 1016 2420 vigente
1039 2337 1133 2401 etiam
1155 2337 1257 2419 prisco
1280 2337 1351 2401 deo-

217 2443 288 2488 rum
311 2422 397 2487 cultu
425 2422 564 2486 homiues
598 2423 644 2486 rei
673 2422 892 2488 frumentariae
926 2422 1031 2503 inopia
1064 2422 1286 2501 laboraverint,
1321 2426 1353 2487 et

219 2527 311 2592 quam
339 2506 493 2572 iniustum
522 2507 663 2571 futurum
697 2507 806 2572 fuisset
828 2506 999 2590 significat,
1036 2507 1062 2571 si
1096 2509 1221 2589 propter
1255 2508 1352 2573 laesos

218 2591 388 2666 sacerdotes
423 2610 536 2673 paucos
569 2610 675 2655 omnes
709 2593 893 2674 punirentur
927 2591 1077 2669 homines,
1116 2592 1353 2670 ,inclementior

218 2677 302 2744 euim
325 2677 406 2741 esset
429 2677 572 2754 vindicta,
598 2694 689 2758 quam
713 2677 834 2758 culpa“.
882 2676 997 2757 Quidni
1022 2678 1070 2741 dei
1092 2677 1293 2742 contumelias
1317 2697 1352 2743 eo

217 2767 353 2838 tompore
377 2761 438 2826 ulti
463 2761 527 2826 sint
549 2761 686 2844 quaerit,
710 2781 780 2826 cum
802 2763 868 2829 toto
891 2765 1043 2827 terrarum
1070 2764 1142 2826 orbe
1164 2763 1351 2844 templorum

217 2847 285 2911 iura
316 2846 516 2911 tollebantur.
563 2847 614 2910 An
636 2847 704 2910 tum
728 2847 853 2912 demum
876 2847 1060 2912 iniuriarum
1088 2847 1132 2911 eis
1160 2850 1191 2912 in
1214 2850 1351 2912 mentem

218 2931 360 2998 venisse?
393 2932 453 3012 Qui
488 2949 557 2998 vero
585 2931 618 2995 id
641 2931 803 3014 explicari,
838 2935 918 3015 quod
941 2932 1079 3014 proxima
1110 2932 1218 2996 statim
1241 2933 1351 2997 messis

117 3025 120 3030 ’
217 3017 323 3082 secuta
352 3013 395 3081 sit
422 3015 631 3096 fertilissima,
666 3017 794 3100 ipsoque
822 3018 878 3082 illo
908 3036 988 3082 anno
1020 3015 1156 3082 infausto
1190 3019 1351 3100 pleraeque

217 3101 394 3185 provinciae
427 3102 568 3186 frugibus
602 3100 859 3180 redundaverint,
894 3101 999 3167 Callia
1031 3102 1190 3180 videlicet,
1228 3103 1352 3167 Panno-

218 3187 283 3264 nia,
318 3187 465 3266 Rhaetia,
499 3185 644 3272 Liguria,
671 3187 826 3255 Venetiae.
868 3187 951 3268 Quae
976 3205 1044 3252 vero
1068 3188 1235 3253 adversarii
1258 3187 1351 3270 polli-

218 3272 274 3337 citi
296 3274 393 3356 erant,
416 3275 482 3339 fore
497 3275 533 3338 ut
555 3273 756 3354 imperatores
772 3291 790 3337 a
805 3273 881 3352 deis,
906 3272 933 3337 si
955 3273 1046 3337 modo
1070 3290 1121 3337 eos
1143 3272 1267 3354 publice
1290 3273 1350 3338 ooli

217 3360 387 3436 curassent,
411 3357 656 3435 defenderentur,
681 3357 805 3423 omuino
821 3361 924 3441 negat.
961 3356 1133 3422 Gentilium
1150 3358 1232 3422 enim
1256 3376 1351 3438 sacra,

218 3443 331 3528 quibus
354 3462 392 3509 ne
414 3442 474 3527 ipsi
491 3443 615 3525 quidem
639 3443 796 3507 idololatri
813 3442 1049 3524 custodirentur,
1073 3461 1107 3506 eo
1131 3442 1225 3506 etiam
1247 3443 1352 3507 minus

216 3528 330 3594 salutis
346 3529 490 3594 adlatura
505 3527 752 3610 imperatoribus,
770 3528 824 3610 qui
837 3527 1015 3592 numinibus
1032 3545 1093 3591 non
1108 3527 1227 3592 addicti
1242 3529 1351 3592 essent.

217 3613 331 3680 Contra
353 3612 587 3696 Symmachum,
617 3613 669 3695 qui
693 3615 729 3677 ut
751 3631 851 3677 mores
875 3613 908 3678 et
931 3612 1169 3677 consuetudines
1198 3613 1352 3678 maiorum

218 3697 421 3775 servarentur,
445 3699 634 3780 poposcerat,
651 3697 837 3764 Ambrosius
853 3715 888 3762 ea
912 3697 1032 3762 ratione
1053 3698 1164 3773 ut'tur,
1190 3698 1225 3761 ut
1247 3697 1352 3764 omnia

218 3783 369 3866 paulatim
397 3781 432 3862 in,
457 3783 570 3847 melius
601 3784 736 3848 converti
755 3783 849 3848 ‚dicat
878 3801 976 3865 neque
1009 3783 1107 3864 priore
1137 3782 1201 3846 loco
1232 3801 1352 3864 semper

216 3887 350 3933 manere.
395 3867 549 3932 Mundum
577 3867 679 3950 ipsum
708 3868 800 3933 initio
833 3868 948 3932 molem
975 3866 1070 3932 fuisse
1103 3866 1293 3950 indigestam
1322 3871 1353 3932 et

217 3971 381 4037 progressu
397 3953 545 4036 temporis
559 3952 738 4018 discrimine
762 3953 844 4018 facto
868 3953 954 4035 coeli,
977 3951 1082 4029 maris,
1105 3955 1205 4017 terrae
1219 3953 1350 4018 formam

217 4056 304 4105 suam
326 4038 486 4122 recepisse,
510 4038 668 4122 similique
690 4038 780 4104 modo
802 4040 932 4103 humum
955 4036 1082 4102 floribus
1103 4037 1252 4121 primum,
1284 4039 1352 4103 tum

216 4123 368 4190 fructibus
392 4125 502 4190 ornari.
547 4123 662 4188 Eadem
695 4123 813 4188 ratione
842 4123 981 4188 homiues
1011 4140 1130 4206 quoque
1160 4121 1352 4205 procedenti·

217 4210 274 4274 bus
297 4208 386 4274 aunis
413 4207 564 4276 infantiae
593 4227 701 4275 sensus
724 4210 891 4292 deponere,
920 4210 1025 4290 itaque
1049 4207 1253 4273 christianam
1276 4207 1351 4273 reli·
1446 4255 1454 4266 .

217 4293 342 4377 gionem
375 4293 407 4358 in
441 4295 543 4361 locum
576 4295 714 4377 priorum
736 4293 912 4359 successise.
959 4291 1077 4371 ,Nulla
1100 4293 1203 4357 enim“
1236 4291 1350 4375 inquit,

222 4379 307 4457 ,sine
322 4380 495 4446 adversario
511 4398 621 4446 corona
637 4380 789 4458 victoriae,
813 4380 866 4444 sed
889 4377 1012 4461 explosa
1034 4397 1070 4443 ea
1093 4378 1248 4461 opinione,
1272 4396 1349 4460 quae

219 4465 291 4528 anta
313 4465 479 4544 convaluit,
502 4466 535 4530 id
555 4466 635 4548 quod
657 4469 722 4530 erat
744 4483 851 4530 verum
873 4463 939 4531 iure
961 4463 1133 4547 praelatum
1156 4461 1235 4528 este
1261 4463 1347 4528 Eun-
