3108 5126
1262 355 1303 422 35

273 537 332 600 Res
365 537 388 614 t,
412 536 448 600 ut
469 536 560 600 huius
577 535 821 602 ratiocinationis
839 538 1021 622 argumenta
1036 538 1200 620 proferam,
1223 560 1302 622 quae

161 638 232 683 555
260 639 296 685 cx
327 622 444 704 remoto
473 620 559 685 fonte
588 621 714 700 hausta,
746 624 800 687 sed
829 643 865 687 er
893 623 992 704 ipsius
1021 623 1198 706 Symmachi
1227 625 1303 691 locis

160 705 266 784 petita
288 725 466 789 proponam.
512 707 654 790 Legenda
681 709 728 772 est
755 709 924 790 55665
950 709 989 774 ad
1011 709 1192 776 Nicomachi
1223 709 1303 776 filios

161 792 297 872 scripta:
324 791 511 869 ,Scribenda
534 810 593 857 non
616 794 742 869 desunt,
772 795 826 858 sed
848 795 952 859 horret
974 795 1097 861 animus
1120 795 1205 879 loqui
1227 796 1305 862 dura

162 879 350 943 memoratu.
395 879 492 942 Video
525 879 630 942 tamen
668 879 785 944 famam
824 899 938 944 rerum.
962 882 1149 948 urbanarum
1188 901 1304 964 nequa·

163 981 260 1044 qnam
284 979 377 1045 posse
402 962 552 1042 cohiberi,
582 981 661 1044 quae
684 965 720 1028 ut
745 963 811 1028 lieri
833 967 919 1031 emat
945 966 978 1030 in
1005 966 1106 1032 maius
1132 968 1305 1051 praesentia

168 1048 380 1112 annuntiabit.
426 1049 463 1113 ld
498 1067 536 1112 55
565 1048 700 1126 5551651,
738 1050 890 1115 breviario
931 1050 1037 1116 addito
1067 1052 1218 1118 noscenda
1239 1052 1305 1117 dis·

165 1134 340 1211 crevimus,
365 1134 400 1197 51
423 1152 520 1216 neque
542 1133 676 1211 litterae,
713 1152 791 1215 quae
813 1137 900 1200 vobis
935 1136 1155 1202 salutationem
1188 1138 1303 1218 lerunt,

167 1219 206 1282 do
233 1219 379 1284 sollicitis
413 1219 654 1284 amaritudinem
685 1220 812 1284 trahant
844 1223 876 1286 et
909 1221 1111 1287 nihilominus
1145 1242 1304 1290 rumorum

166 1305 329 1370 licentiam
363 1303 437 1370 fides
472 1305 649 1387 scriptionis
681 1305 832 1372 excludat.
878 1306 937 1372 Sed
968 1306 1005 1370 de
1038 1307 1088 1372 bis
1121 1308 1300 1374 hactenus.“

113 1445 118 1460 .
165 1390 298 1472 Reliqua
310 1390 452 1473 epistola,
477 1391 612 1473 quinquo
627 1390 787 1455 versiculis
810 1392 1039 1476 comprehense,
1062 1395 1095 1459 id
1110 1412 1208 1458 unum
1225 1395 1302 1472 orat,

167 1495 204 1540 55
226 1476 319 1554 filiae,
342 1493 421 1558 quae
443 1477 547 1540 minus
571 1476 732 1540 commoda
754 1478 933 1543 valetudine
956 1480 1110 1557 uteretur,
1134 1478 1236 1546 malus
1259 1480 1302 1544 rei

165 1562 308 1642 publicae
331 1563 432 1626 status
456 1565 606 1627 narretur.
652 1563 699 1626 lln
714 1563 852 1644 prolecto
867 1582 932 1627 rem
948 1563 1166 1643 certissimam,
1189 1566 1227 1630 de
1242 1583 1304 1647 qua

167 1647 310 1712 dubitare
332 1665 394 1712 nou
420 1647 501 1712 licet.
546 1648 677 1712 Factum
700 1666 803 1730 grave,
830 1648 912 1730 quod
942 1648 1041 1712 dicere
1068 1651 1303 1728 ,5515551155-

166 1733 231 1798 ret“
257 1733 387 1798 seorsim
411 1751 466 1797 sno
486 1733 594 1797 libello
610 1734 785 1812 enarratur,
809 1733 905 1799 simul
920 1734 1044 1818 pagella
1066 1735 1200 1813 additur,
1224 1755 1302 1817 quae

167 1838 231 1883 rom
260 1819 437 1901 generalem
464 1819 610 1884 continet.
654 1817 743 1884 ldem
769 1820 856 1885 cadit
883 1820 916 1885 in
946 1839 991 1903 55.
1015 1822 1045 1899 6,
1074 1821 1127 1886 48.
1172 1819 1298 1886 Gratias

167 1923 219 1986 pro
235 1905 390 1969 natalitiis
405 1904 510 1968 missis
533 1905 601 1987 agit
622 1904 790 1987 filiamque,
814 1909 850 1970 ut
872 1905 1021 1971 maiorem
1037 1925 1143 1972 curam
1164 1905 1301 1972 reficien-

168 1991 222 2054 dae
247 1990 423 2055 valetndini
445 1990 566 2055 tribuat
593 1990 734 2055 hortatus
762 2009 811 2053 res
839 1991 979 2072 publicas
1008 1994 1139 2057 seorsim
1163 1992 1304 2058 nuntiari

168 2077 215 2140 his
239 2077 339 2142 verbis
363 2074 533 2160 significat:
559 2094 655 2156 „quae
670 2076 708 2140 ad
723 2075 832 2141 urbem
847 2076 1015 2157 pertinent,
1039 2077 1172 2141 indiculi
1193 2078 1304 2143 cohae-

168 2162 262 2227 rentis
287 2163 418 2227 lectione
440 2161 603 2226 noscetis.“
653 2160 806 2225 Similiter
828 2181 875 2244 ep.
899 2162 928 2240 6,
952 2162 1004 2239 55,
1028 2161 1061 2225 15
1084 2181 1145 2243 qna
1167 2164 1301 2245 epistola

168 2245 324 2333 generalia
352 2247 443 2312 modo
470 2246 678 2325 continentur,
709 2266 781 2311 cum
815 2248 960 2333 „negotia
981 2247 1135 2329 quaedam
1163 2248 1301 2312 5511555α

167 2353 221 2400 555
252 2332 395 2398 codicillo
423 2333 565 2416 adposita
594 2332 666 2396 sint.
711 2331 901 2398 conferenda
928 2334 1024 2398 etiam
1051 2333 1099 2398 est
1127 2332 1301 2416 55.1,82,

166 2440 219 2501 per
249 2439 343 2502 quam
366 2418 534 2483 Messalam
565 2418 640 2495 adit,
675 2418 711 2481 ut
734 2417 904 2482 familiares
933 2437 1015 2497 suos,
1050 2437 1126 2501 quos
1156 2436 1303 2499 equorum

166 2507 366 2571 emendorum
389 2522 481 2569 eausa
503 2504 536 2568 iu
559 2503 744 2585 Hispaniam
766 2504 905 2584 miserat,
939 2504 1075 2568 adiuvet.
1122 2503 1302 2584 Quaerere

167 2591 293 2743 11111
314 2588 1302 2760 11551111511151111151111·

167 2761 277 2846 Capita
300 2781 403 2827 rerum
425 2761 562 2826 subiecto
584 2759 723 2825 indiculo
746 2760 884 2826 strictim
914 2761 1051 2826 notavi.“
1099 2760 1207 2843 Neque
1230 2780 1302 2827 vero

167 2867 201 2912 ea
222 2849 289 2913 sola
311 2849 377 2912 erat
410 2865 516 2924 causa,
546 2865 599 2911 cur
626 2844 751 2910 litterae
784 2847 977 2930 gravioribus
1001 2847 1194 2930 argumentis
1217 2864 1302 2912 care·

167 2935 253 3012 rent;
277 2933 375 2997 altera
396 2932 536 3000 accessit.
561 2930 641 2996 Cum
663 2949 724 2996 non
745 2933 793 2996 ita
813 2951 882 3000 raro
905 2933 1069 3011 evenisset,
1092 2935 1128 2997 ut
1151 2932 1303 3014 epistolae

166 3017 648 3170 aecclesiastici
671 3017 1303 3183 tlhrnrtllrclfflbtlll·

166 3209 243 3274 guas
259 3189 416 3254 litterulas
437 3188 613 3270 adportans,
638 3151 716 3269 5555
738 3190 902 3254 scribentis
926 3151 1304 3268 animum’signifioarent

167 3281 197 3340 et
219 3275 325 3339 nuntii
347 3274 562 3340 sinceritatem
584 3275 783 3339 testarentur.
829 3273 924 3339 65155
947 3274 991 3338 rei
1014 3270 1226 3338 clarissimum
1248 3273 1303 3337 do·

167 3362 346 3427 cementum
380 3361 511 3426 habetur
544 3378 592 3441 ep.
615 3360 645 3436 6,
667 3359 719 3438 50,
752 3377 830 3442 quae
853 3361 919 3424 tota
946 3361 1022 3425 haec
1044 3359 1107 3424 est:
1143 3357 1303 3437 ,Scribere

167 3466 227 3512 non
250 3465 367 3521 recuso,
389 3447 442 3510 sed
458 3445 556 3511 malui
573 3444 698 3510 domino
721 3445 786 3509 filio
800 3464 870 3512 meo
887 3444 1006 3511 Sibidio
1029 3443 1184 3508 narranda
1198 3461 1303 3508 coram

167 3551 220 3613 per
254 3531 354 3597 otium
381 3551 546 3598 reservare.
591 3529 663 3596 Sola
697 3530 795 3614 igitur
829 3531 1019 3596 salutatione
1047 3528 1196 3612 fungetur
1229 3529 1304 3596 baec

167 3619 288 3700 pagina,
312 3618 400 3682 cuius
422 3617 560 3684 brevitas
583 3617 615 3681 et
630 3617 733 3681 vestro
755 3616 866 3682 honori
882 3615 1055 3681 satisfaciet
1076 3632 1133 3679 555
1151 3614 1200 3680 1111
1224 3616 1303 3680 rele-

167 3703 260 3768 renda
293 3703 462 3786 decerpet.“
508 3705 627 3768 Eadem
656 3703 705 3768 ost
735 3720 782 3783 ep.
805 3701 840 3782 4,
874 3703 926 3766 44.
972 3703 1007 3764 15
1031 3719 1077 3784 55.
1101 3701 1131 3776 3,
1161 3701 1204 3768 30
1232 3720 1303 3765 cum

167 3788 352 3856 Sallustium
386 3789 617 3854 commendaret
638 3788 714 3852 haec
742 3787 886 3852 addidit:
922 3785 1164 3871 ,Supplernenta
1196 3789 1303 3851 autem

167 3875 313 3940 desiderii
336 3874 402 3939 eius
424 3873 622 3939 stabellario
638 3873 788 3956 epistolae
811 3874 1025 3958 suggerentur,
1048 3891 1127 3954 quae
1143 3871 1216 3937 stilo
1232 3890 1302 3954 per-

167 3963 252 4041 sequi
273 3977 535 4042 supervacaneum
569 3959 652 4024 duri.
697 3959 811 4042 Aptius
841 3962 889 4024 551
917 3960 1001 4024 enim
1031 3957 1165 4041 negotiis
1193 3962 1302 4020 mutuo

167 4043 351 4112 intimandis
374 4045 463 4110 vivae
486 4045 569 4112 vocis
592 4044 775 4110 indicium.“
812 4045 900 4110 Adde
924 4045 1019 4109 etiam
1041 4063 1087 4126 ep.
1109 4045 1140 4120 3,
1164 4042 1216 4119 69,
1240 4058 1302 4123 qua

166 4131 352 4199 Flavianum
360 4132 515 4197 Ricomeri
531 4132 726 4198 commendat
741 4131 773 4194 51
788 4149 860 4195 cnm
874 4149 953 4213 quae
968 4130 1005 4192 de
1020 4128 1076 4193 illc
1092 4126 1302 4210 malignorum

166 4218 328 4283 hominum
349 4237 453 4282 rumor
469 4217 671 4301 divulgasset,
695 4215 775 4281 falsa
797 4236 863 4282 esse
883 4213 1093 4282 contendisset
1114 4213 1161 4277 ita
1181 4211 1300 4295 pergite

169 4303 338 4385 „Querelae
360 4304 464 4367 antem
491 4321 590 4386 genus
623 4303 786 4369 hominnm
815 4303 881 4366 eius
904 4299 1079 4385 suggestio,
1113 4297 1140 4362 si
1163 4297 1300 4376 iusseris,

167 4390 279 4454 melius
303 4390 512 4472 prosequetur,
546 4389 619 4469 qnia
651 4387 816 4469 multiplex
848 4386 965 4451 iniuria
987 4385 1115 4450 modum
1147 4383 1296 4467 epistolae

166 4475 331 4540 familiaris
347 4473 496 4539 excedit.“
541 4474 600 4538 His
616 4474 809 4559 argumentis
824 4473 874 4540 sat
889 4472 1050 4555 perspicue
1071 4473 1301 4536 demonstrasse

166 4561 255 4626 nobis
278 4561 426 4640 videmur,
450 4559 504 4642 qui
527 4559 644 4626 iactum
665 4559 716 4638 511,
740 4562 785 4625 nt·
797 4557 960 4642 pleraeque
987 4554 1138 4640 epistolae
1160 4556 1193 4620 in
1208 4557 1299 4621 rebus

1160 4662 1198 4711 31
