3108 5126
210 321 254 387 40

212 509 311 586 debet,
336 507 549 591 Symmachus,
573 509 663 588 quem
687 525 781 588 supra
804 505 1087 572 demonstravimus
1109 505 1257 588 epistolas
1274 521 1360 568 suas

213 615 274 660 uon
298 593 388 659 modo
411 613 472 658 non
494 591 643 668 edidisse,
677 593 730 656 sed
761 612 799 657 ne
828 610 861 655 eo
885 591 1010 672 quidem
1041 590 1185 667 consilio,
1220 589 1256 654 ut
1286 607 1355 652 un-

212 699 305 762 quam
329 679 507 754 ederentur,
542 676 776 759 conscripsisse,
811 678 1016 742 clarissimum
1045 677 1077 740 et
1098 676 1224 744 unicum
1252 676 1352 738 docu-

212 767 354 830 mentum
377 762 466 828 nobis
489 762 635 826 relictum
658 764 720 839 est,
756 784 791 828 ex
820 782 879 844 quo
907 780 1142 846 cognoscamus,
1177 779 1238 844 qua
1268 761 1349 834 arte,

211 849 323 932 quibus
346 847 459 914 studiis
482 866 581 930 quare
604 847 793 931 negligentia
815 849 931 913 summi
960 847 1048 912 illius
1071 845 1182 912 aetatis
1206 843 1267 912 viri
1290 843 1348 909 do-

211 937 376 1000 mesticum
406 932 606 1014 epistolarum
635 953 724 998 usum
752 952 891 999 exercere
919 932 1005 998 soliti
1034 932 1108 998 sint.
1155 931 1216 998 Sed
1242 930 1348 1011 prius-

212 1039 306 1101 quam
330 1019 369 1084 ad
392 1017 516 1103 singula
542 1037 597 1084 uos
620 1023 824 1098 verteremus,
860 1017 1021 1100 aptissimo
1050 1018 1106 1082 hoc
1134 1019 1200 1082 loeo
1229 1015 1348 1082 iudicia

212 1122 451 1169 commemorare
466 1102 599 1186 placuit,
621 1123 699 1186 quae
715 1104 918 1188 Symmachus
942 1105 1008 1187 ipsc
1030 1102 1140 1168 hebuit
1155 1102 1191 1166 de
1208 1119 1348 1165 sermone

212 1187 384 1273 epistolari.
428 1188 595 1254 Manifesta
617 1189 683 1254 eius
712 1191 804 1255 verba
827 1191 902 1254 sunt
929 1189 962 1254 in
992 1207 1039 1270 ep.
1065 1189 1093 1265 7,
1117 1189 1153 1252 9:
1186 1187 1287 1265 ,Nam
1311 1187 1347 1250 ut

212 1275 245 1338 in
269 1275 384 1340 vestitu
408 1274 571 1338 hominum
594 1274 754 1356 ceteroque
777 1275 860 1340 vitea
883 1275 971 1340 cultu
987 1274 1052 1338 loco
1074 1291 1108 1338 ac
1124 1271 1257 1353 tempori
1272 1273 1347 1354 epte

211 1363 395 1437 sumuntur,
433 1359 480 1424 ita
513 1359 709 1441 ingeniorum
742 1357 874 1427 uarietas
908 1359 941 1426 in
975 1358 1186 1426 familiaribus
1221 1356 1346 1438 scriptis

212 1444 436 1530 negligentiam
461 1445 618 1526 quandam
641 1444 731 1509 debet
753 1443 889 1522 imitari,
921 1445 954 1508 in
978 1443 1150 1510 forensibus
1175 1461 1245 1508 uero
1269 1461 1345 1526 qua·

211 1533 276 1595 tere
300 1548 387 1594 arma
409 1529 602 1596 facundiae.“
649 1531 844 1612 Quantopere
872 1529 1010 1614 vulgaris
1040 1529 1148 1613 lingua
1175 1530 1214 1594 ab
1243 1529 1346 1594 erudi·

211 1618 314 1680 torum
349 1634 487 1680 sermone
521 1615 701 1693 abhorreat,
735 1618 811 1681 bene
839 1615 1010 1697 perspexit,
1044 1635 1115 1680 cum
1142 1614 1180 1680 ad
1210 1613 1346 1678 amicum

212 1701 331 1767 scribat
353 1720 399 1782 ep.
423 1703 454 1779 3,
482 1702 534 1765 il:
561 1699 684 1783 ,Sumsi
708 1701 823 1782 pariter
852 1701 995 1785 geminas
1018 1699 1140 1766 litteras
1164 1702 1250 1777 tuas,
1275 1719 1346 1764 nes·

211 1789 296 1853 torae
318 1788 353 1852 ut
376 1787 423 1850 ita
449 1786 551 1850 dicam
579 1805 673 1850 manu
701 1786 850 1867 scriptas,
885 1805 1016 1867 quarum
1046 1787 1131 1869 sequi
1159 1785 1346 1870 gravitatem

213 1873 329 1938 laboro.
361 1871 472 1936 Trahit
494 1870 577 1935 enim
601 1889 657 1935 nos
681 1889 755 1936 usus
779 1870 927 1954 temporis
949 1872 983 1936 iu
1006 1872 1145 1954 argutias
1168 1869 1346 1954 plausibilis

211 1957 370 2022 sermonis.
415 1957 518 2036 Quare
552 1957 681 2039 aequius
712 1956 844 2022 admitte
875 1957 1017 2040 linguam
1045 1957 1161 2042 sacculi
1188 1956 1285 2022 nostri
1314 1960 1347 2023 et

211 2044 314 2110 deesse
343 2041 415 2108 huic
438 2040 589 2124 epistolae
617 2041 747 2114 atticam
775 2042 943 2108 sanitatem
967 2043 1037 2108 boni
1068 2044 1220 2108 oonsule.“
1268 2042 1346 2108 Cum

210 2148 281 2194 vero
310 2127 470 2204 nonnulli,
506 2131 541 2193 ut
572 2129 737 2209 populares
768 2147 856 2194 voces
880 2127 1029 2210 vitarent,
1063 2146 1098 2192 eo
1125 2147 1222 2211 usque
1246 2147 1345 2193 reces-

209 2215 337 2292 sissent,
373 2217 409 2276 ut
431 2212 653 2296 antiquissima
677 2214 827 2278 vocabula
853 2213 917 2278 iam
945 2213 998 2278 diu
1021 2213 1160 2278 obsoleta
1186 2215 1217 2278 et
1239 2213 1346 2297 incog-
1419 2247 1426 2255 ·

210 2301 278 2365 nita
300 2299 496 2376 reducerent,
532 2299 594 2364 tale
617 2297 772 2377 studium,
806 2317 997 2380 quamquam
1020 2300 1122 2380 ipsum
1151 2318 1184 2364 se
1211 2318 1245 2364 eo
1267 2318 1345 2363 non·

210 2404 369 2467 nunquam
392 2384 549 2464 relapsum
573 2383 743 2466 profitetur,
768 2385 873 2466 aperte
896 2386 1003 2449 tamen
1029 2384 1194 2465 vituperat.
1226 2383 1271 2450 Of.
1296 2405 1343 2467 ep.

209 2474 239 2549 3,
262 2471 319 2534 441
345 2467 502 2546 „Concedo
526 2468 558 2532 in
581 2469 663 2552 leges
686 2471 757 2533 tuas
780 2469 812 2532 ct
832 2464 1010 2554 dpyooopdv
1032 2470 1185 2534 scribendi
1213 2489 1273 2535 uon
1295 2470 1345 2536 in·

211 2556 295 2623 vitus
318 2555 436 2620 affecto.
482 2555 528 2618 Tu
552 2557 657 2622 tamen
680 2554 729 2618 fec
750 2555 944 2632 memineris,
979 2555 1059 2622 illud
1086 2555 1189 2638 potius
1213 2555 1346 2639 simplex

209 2640 369 2706 nonnullis
393 2638 508 2718 videri,
543 2639 624 2722 quod
652 2639 809 2722 sequentis
838 2641 951 2706 aetatis
984 2660 1057 2705 usus
1081 2641 1195 2724 recepit
1214 2693 1219 2705 .
1241 2689 1272 2705 ..
1313 2642 1345 2708 Si

210 2726 268 2792 tibi
292 2724 461 2790 vetustatis
484 2725 608 2792 tautum
631 2727 679 2790 ost
701 2743 802 2803 amor,
836 2725 902 2809 peri
934 2726 1036 2792 studio
1066 2727 1098 2792 iu
1125 2729 1222 2795 uerba
1244 2727 1345 2810 prisca

210 2812 386 2890 redeamus,
420 2810 531 2894 quibus
555 2809 632 2876 Salii
655 2811 773 2876 canunt
801 2812 832 2875 et
854 2830 985 2894 augures
1013 2831 1101 2878 avem
1125 2813 1291 2878 consulunt
1313 2815 1345 2878 ct

209 2895 374 2963 decemviri
411 2896 533 2962 tabulas
569 2895 784 2964 condiderunt.
830 2897 1018 2962 Iamdudum
1049 2897 1097 2964 his
1130 2899 1343 2965 renuntiatum

210 2985 265 3064 est,
291 2983 326 3046 ut
348 2979 499 3048 successio
521 2983 695 3065 temporum
718 2981 836 3063 placita
862 2982 965 3064 priora
987 2984 1122 3048 mutavit
1142 3031 1148 3044 .
1171 3033 1204 3044 ..
1246 2985 1344 3067 Atqui

209 3068 348 3151 praestat
370 3067 510 3133 Tullium
534 3067 637 3150 sequi,
667 3066 720 3150 qui
743 3067 888 3151 ignorata
911 3068 1081 3137 maioribus
1105 3072 1234 3150 usurpat
1257 3090 1344 3134 escr-

209 3153 290 3219 dia.“
332 3153 380 3218 Ne
402 3171 473 3218 vero
497 3153 571 3235 quid
594 3152 749 3233 intactum
772 3152 1004 3236 relinquamus,
1040 3155 1072 3219 id
1095 3173 1214 3238 quoque
1236 3175 1343 3220 mone·

210 3259 295 3317 mus,
330 3239 552 3323 Symmachum
586 3239 618 3304 in
646 3237 786 3321 epistolis
818 3238 1024 3306 inscribendis
1052 3246 1191 3307 veterum
1225 3260 1343 3307 morem
1414 3257 1421 3266 ’

209 3325 273 3390 ianr
296 3344 314 3389 a
337 3324 492 3407 plerisque
514 3325 692 3408 neglectum
716 3343 854 3393 seruasse
887 3326 919 3389 et
952 3325 1020 3390 sine
1050 3327 1115 3392 ullo
1138 3327 1288 3392 honorum
1313 3327 1344 3391 et

207 3410 373 3476 titulorum
396 3412 465 3476 fuco
489 3410 591 3476 solum
619 3429 710 3475 suum
738 3413 770 3475 11
796 3409 877 3487 eius,
912 3411 950 3474 ed
979 3431 1070 3494 quem
1097 3412 1223 3477 litterae
1251 3413 1343 3476 datae

208 3496 313 3573 erant,
349 3514 461 3561 nomen
484 3495 710 3579 praeposuisse,
748 3496 827 3577 quod
851 3495 979 3580 colligas
1002 3516 1037 3561 en
1060 3518 1106 3580 ep.
1131 3497 1241 3574 135,
1273 3517 1343 3562 cum

209 3599 270 3730 qudo
292 3598 368 3730 statne
390 3599 442 3660 ea,
477 3599 557 3664 quae
585 3601 630 3665 cp.
655 3583 685 3658 3,
709 3581 751 3648 44
773 3580 943 3662 adduntur,
978 3599 1038 3648 nou
1070 3585 1147 3650 bene
1178 3583 1343 3648 convenire

210 3685 243 3732 vr
265 3685 302 3730 en
318 3685 364 3732 ur.

310 3750 370 3831 Qui
394 3770 474 3816 nune
495 3751 532 3816 de
555 3771 605 3829 ea,
636 3770 697 3834 qua
719 3750 923 3835 Symmachus
946 3756 978 3818 iu
1003 3755 1162 3820 scribendo
1186 3775 1260 3820 usus
1283 3759 1340 3832 est,

208 3835 366 3903 latinitate
389 3854 408 3899 1
431 3854 480 3902 111
502 3837 563 3904 sibi
587 3836 757 3922 proposuit,
781 3842 809 3902 ci
833 3839 914 3904 certe
930 3839 1020 3906 venia
1036 3841 1170 3921 petenda
1191 3842 1238 3905 est
1260 3841 1342 3906 docti

207 3921 341 3990 lactoris.
420 3939 470 3988 am
505 3941 573 3990 cum
603 3922 734 3990 oratoris
768 3924 970 4006 epistolarum
1004 3926 1218 3992 recentissima
1246 3927 1341 3992 editio

207 4007 356 4091 prodierit
378 4027 405 4072 a.
431 4007 522 4074 1617.
547 4006 675 4086 Neapoli
700 4007 867 4076 Nemetum
890 4009 1019 4090 (iterum
1042 4011 1192 4093 impressa
1207 4012 1340 4080 Franco·

207 4093 280 4158 torti
305 4093 412 4173 1642,
442 4092 549 4180 1651.)
574 4111 668 4175 eaque
691 4092 801 4160 multis
824 4094 898 4160 locis
921 4098 1025 4176 aperte
1048 4096 1175 4175 vitiosa,
1199 4097 1271 4164 eliis
1293 4097 1341 4162 iu·

207 4179 335 4261 quinate
356 4179 400 4244 sit
422 4179 515 4248 malis
538 4177 821 4257 emendationibus,
855 4184 1016 4263 praeterea
1043 4183 1166 4263 proptor
1195 4187 1339 4266 typorum

207 4264 458 4344 turpissimorum
480 4263 678 4332 incredibiles
702 4283 818 4330 errores
847 4266 968 4349 saepius
995 4285 1118 4337 sensum
1148 4268 1239 4350 plane
1268 4269 1339 4333 nul-

207 4351 273 4414 lum
296 4350 454 4429 exhibeat,
483 4351 573 4418 facilc
595 4350 786 4434 intelligitur
808 4353 926 4435 quanta
949 4373 1023 4438 opus
1047 4353 1089 4418 sit
1112 4355 1269 4434 cautione,
1302 4374 1339 4418 nc

207 4433 390 4518 Symmacho
411 4436 585 4520 impertias,
609 4455 686 4520 qnae
708 4437 747 4502 ad
770 4437 922 4504 incultum
939 4441 1154 4520 impressorem
1170 4440 1336 4522 pertinent.

206 4521 315 4602 ltaque
343 4520 504 4604 pauciora,
537 4526 591 4588 sed
619 4541 698 4603 quae
727 4523 812 4590 certa
840 4523 1034 4601 uiderentur,
1069 4525 1207 4590 delibare
1236 4527 1337 4610 potius
