3108 5126
1224 274 1374 337 “23.

188 475 268 522 usus
291 455 420 522 1111111
452 456 511 520 etsi
546 474 606 520 uon
640 457 782 521 accurate
804 459 994 540 perspectas,
1028 460 1060 523 at
1083 460 1163 524 certe
1186 459 1329 526 universe

186 542 331 624 cognitas
352 541 470 623 fuisse;
504 542 658 622 simulque
686 539 871 608 documento
893 545 955 618 est,
991 563 1051 626 qua
1073 543 1195 610 dicendi
1225 547 1328 630 impu·

188 627 294 692 uitato
327 627 419 709 atque
452 626 579 692 licentia
601 627 761 710 episcopus
791 629 890 710 egerit
912 648 984 694 cum
1006 632 1196 711 imperatore,
1220 651 1329 713 quam-

187 712 239 778 vis
276 713 308 778 id
345 731 463 794 semper
497 714 569 777 ante
605 713 708 776 oculos
743 711 880 794 positum
916 714 1046 794 habeas,
1087 715 1228 799 episcopi·
1254 736 1327 782 auc÷

183 799 352 862 toritatem
382 796 477 862 fuisse
507 797 740 862 celeberrimam
763 800 795 862 et
822 799 1038 865 incredibilem
1064 802 1226 882 quandam,
1255 821 1327 867 cnm

187 885 359 965 imperator
392 881 560 948 haesitaret
592 901 713 964 semper
746 884 778 946 et
807 884 840 947 in
874 885 966 948 rebus
1000 885 1133 967 publicis
1162 886 1325 952 fluctuaret

187 970 337 1066 totusque
368 987 404 1032 ex
428 968 492 1067 'illo
526 969 718 1050 dependeret.
763 969 808 1032 At
836 969 1018 1068 Ambrosius
1047 971 1169 1068 integro
1197 973 1324 1055 petitio-

186 1053 1326 1225 11111111111111111111

187 1245 267 1302 rem,
290 1243 350 1306 qua
372 1223 615 1289 adversariorum
637 1224 721 1290 dicta
743 1224 869 1308 singula
894 1244 1074 1308 percurrens
1098 1228 1163 1292 suis
1184 1229 1326 1310 quodque

189 1310 387 1394 argumentis
410 1309 552 1375 refellere
575 1310 705 1375 studuit.
750 1310 808 1374 Post
836 1312 960 1392 quidem
980 1312 1055 1378 hacc
1082 1313 1116 1376 iu
1145 1312 1326 1378 collectione

188 1397 333 1461 omnium
355 1394 557 1477 epistolarum
579 1395 638 1460 duo
663 1399 700 1460 de
723 1395 880 1480 vicesima.
925 1396 1020 1461 Initio
1051 1399 1236 1462 tenuitatem
1263 1399 1324 1463 lin·

189 1501 272 1565 guae
295 1500 378 1559 snae,
409 1479 437 1544 si
470 1483 664 1563 comparetur·
697 1501 768 1546 cum
791 1479 970 1563 Symmachi
997 1481 1153 1560 facundia,
1191 1487 1325 1562 excusat,

187 1585 264 1632 uam
289 1584 370 1643 „uon
393 1565 556 1630 verborum
579 1566 776 1649 elegantiam,
801 1567 854 1631 sed
878 1568 1039 1632 verborum
1062 1569 1128 1632 vim
1150 1587 1216 1634 esse
1239 1588 1323 1651 spec-

185 1651 348 1718 tandam“.
393 1651 473 1715 'lum
496 1652 564 1730 tria,
589 1671 665 1733 quae
689 1651 891 1735 Symmachus
913 1653 1107 1736 argumentis
1129 1653 1323 1736 probaverat,

185 1737 359 1802 refellenda
387 1736 448 1802 sibi
480 1737 634 1818 proponit,
659 1736 761 1819 „quod
783 1739 884 1802 Roma
906 1739 1024 1802 veteres
1058 1757 1129 1802 suos
1152 1738 1254 1804 cultus
1276 1759 1325 1804 re-

185 1821 302 1905 quirat,
326 1823 408 1903 quod
430 1821 640 1896 sacerdotibus
662 1824 726 1888 suis
748 1823 983 1906 virginibusque
1005 1823 1182 1889 Vestalibus
1205 1826 1324 1889 emolu-

185 1909 294 1973 menta
315 1907 480 1972 tribuenda
512 1908 585 1980 sint,
620 1907 700 1988 quod
723 1907 942 1973 emolumentis
976 1908 1170 1974 sacerdotum
1203 1910 1324 1993 negah‘s

185 1993 284 2060 fames
312 1996 417 2058 secuta
444 1991 572 2072 publica
598 1994 669 2056 sit“.
714 1991 780 2056 11111
802 1996 840 2057 ad
869 1993 993 2076 singula
1015 1994 1141 2058 accedit.
1188 1992 1325 2077 Cumque

186 2077 394 2163 Symmachus
410 2077 443 2140 in
460 2095 528 2142 eam
553 2077 742 2154 sententiam
764 2077 961 2160 disputasset,
986 2079 1021 2141 ut
1047 2098 1100 2160 por
1122 2098 1209 2144 sacra
1224 2083 1325 2160 prisca

185 2164 296 2246 populi
318 2163 452 2228 Romam
473 2162 682 2228 Hannibalem
716 2165 866 2228 statueret
889 2183 907 2226 a
928 2163 1103 2238 moenibus,
1129 2182 1147 2227 a
1169 2163 1323 2246 Capitolio

186 2249 326 2316 Senonas
348 2249 488 2330 repulsos
511 2267 589 2325 esse,
612 2247 684 2312 inde
702 2248 771 2313 iam
793 2249 919 2314 deorum
942 2249 1157 2313 infirmitatem
1180 2252 1322 2333 cognosci

184 2353 277 2418 posse
299 2333 460 2400 contendit
473 2333 670 2410 Ambrosius,
692 2336 745 2415 qui
768 2353 807 2398 ne
828 2335 861 2398 id
883 2334 1008 2416 quidem
1030 2334 1180 2416 impedire
1202 2336 1322 2416 potuis-

185 2423 272 2501 sent,
296 2422 460 2502 quominus
482 2419 586 2484 hostes
610 2419 666 2484 sub
689 2418 756 2502 ipsa
778 2420 864 2490 urbis
887 2421 1009 2485 moenia
1032 2421 1239 2485 succederent.
1284 2422 1323 2486 Iu

186 2507 345 2572 Senonum
367 2505 525 2570 obsidione
548 2522 693 2588 apparere
714 2503 835 2569 nullam
851 2505 977 2569 deorum
994 2504 1200 2588 vigilantiam.
1228 2505 1323 2584 „Ubi-

186 2599 279 2658 nam“
305 2592 426 2672 quaerit
441 2590 573 2656 irridens
591 2591 685 2668 „tuuc
699 2590 765 2654 erat
779 2589 932 2672 Jupiter?
955 2592 1007 2655 An
1029 2591 1062 2655 iu
1086 2609 1192 2656 ansere
1218 2591 1323 2674 loque-

187 2678 327 2744 batur?“
366 2677 408 2741 Et
429 2694 503 2741 cum
524 2693 543 2738 a
563 2675 677 2740 Poenis
711 2677 893 2759 argumenta
925 2676 1089 2758 petivisset
1115 2677 1322 2754 adversarius,

186 2763 312 2828 eosdem
340 2762 507 2844 respondet
535 2761 658 2843 utrique
691 2760 813 2826 civitati
836 2761 1034 2840 1111111111,
1070 2761 1123 2843 qui
1156 2763 1323 2827 alteroutro
1456 2823 1464 2846 ἱ

186 2847 302 2932 populo
337 2846 454 2912 victore
494 2846 588 2912 iidem
626 2845 710 2910 vinci
748 2846 934 2911 debuissent.
987 2846 1032 2910 Ut
1065 2865 1135 2911 vero
1165 2847 1324 2912 Victoriae

186 2933 287 3018 ipsius
309 2933 536 3008 auctoritatem,
561 2931 613 2997 oui
634 2933 724 2996 tauta
746 2933 839 3010 salus,
862 2933 951 2996 tauta
973 2933 1081 3016 gloria,
1106 2934 1153 2997 tot
1175 2952 1223 2996 res
1246 2935 1324 3006 bene

187 3024 218 3084 et
241 3019 375 3084 feliciter
403 3017 509 3102 gestae
542 3018 678 3082 tributae
706 3020 818 3096 essent,
838 3018 1071 3105 confringeret,
1105 3019 1253 3100 exemplis
1286 3039 1323 3082 eu

188 3104 320 3170 historic
343 3103 477 3184 sumptis
500 3103 708 3180 demonstrat,
732 3103 798 3168 illis
821 3105 1023 3185 temporibus,
1047 3102 1158 3184 quibus
1181 3103 1247 3167 eius
1269 3123 1323 3167 ara

187 3189 316 3254 anullo
339 3189 485 3260 lacessita
509 3188 619 3252 illaesa
634 3189 785 3266 stetisset,
809 3207 880 3252 oum
902 3189 1055 3253 maximae
1077 3188 1110 3251 111
1132 3207 1198 3252 rem
1219 3187 1324 3270 publi-

187 3294 257 3340 cam
279 3274 443 3338 irruissent
467 3272 677 3352 calamitates,
701 3274 749 3338 nil
771 3273 861 3338 illam
884 3273 922 3338 ad
944 3273 1155 3342 defensionem
1178 3272 1320 3339 valuisse.

187 3359 326 3442 Cumque
348 3358 551 3441 Symmachus
572 3360 673 3440 ipsam
701 3360 832 3424 Romam
866 3360 1045 3440 loquentem
1072 3358 1198 3422 fecisset
1231 3359 1263 3422 et
1284 3359 1322 3422 de

187 3445 323 3528 gloriosa
338 3446 430 3526 atque
446 3462 524 3508 cana
538 3445 695 3510 senectute
709 3444 955 3510 misericordiam
976 3445 1163 3522 moventem,
1187 3442 1321 3508 Ambro-

188 3531 253 3595 sius
286 3531 394 3595 eadem
427 3529 776 3611 utiturprcsopopooia,
810 3529 1019 3594 diversissima
1053 3547 1123 3593 vero
1156 3528 1321 3593 sententia.

190 3615 281 3697 „Non
315 3615 460 3680 erubesco
495 3633 567 3678 cum
589 3617 645 3680 tuo
679 3616 750 3679 orbe
772 3616 922 3697 longaeva
951 3615 1101 3680 converti.
1117 3615 1323 3680 ..Erubescat

186 3705 340 3778 1111111111,
364 3718 442 3782 quae
464 3701 627 3764 emendare
650 3719 683 3765 11
705 3718 767 3764 non
789 3701 901 3782 potest.
930 3699 1000 3764 Non
1022 3719 1174 3765 annorum
1190 3700 1321 3764 canities

187 3789 234 3852 est
248 3787 412 3863 laudanda,
428 3783 482 3850 sed
496 3803 627 3865 morum,
644 3787 750 3850 nullus
765 3785 863 3866 pudor
878 3787 935 3863 est,
958 3785 997 3850 ad
1012 3786 1141 3851 meliora
1155 3786 1320 3851 transire.“

187 3871 365 3937 Gentilium
387 3870 552 3954 religiones
574 3872 612 3934 ab
635 3870 812 3936 homiuibus
835 3872 1027 3956 excogitatas
1043 3871 1229 3936 christianae
1250 3872 1320 3935 fidei

186 3958 314 4038 opponit
336 3974 355 4020 a
377 3957 442 4020 Deo
475 3956 639 4020 revelatae.
683 3955 725 4022 111
746 3957 891 4040 quoniam
924 3957 1092 4042 gentilium
1120 3957 1321 4038 imperatores

187 4061 257 4110 suos
273 4043 399 4108 tantum
414 4041 486 4108 deos
498 4042 711 4121 honorassent,
729 4043 899 4110 christiano
911 4043 1090 4124 imperatori
1105 4042 1183 4106 alios
1200 4042 1322 4122 praeter

188 4126 347 4195 Christum
362 4127 435 4192 deos
451 4126 630 4196 nullomodo
646 4147 713 4192 esse
729 4128 884 4193 colendos.
920 4129 1065 4210 Paganis,
1088 4126 1201 4208 pergit,
1226 4145 1319 4208 quae·

187 4214 271 4284 stum
293 4213 325 4278 et
347 4211 470 4278 lucrum
493 4213 597 4276 videre
620 4212 837 4292 necessarium,
861 4214 928 4279 sine
951 4232 1010 4295 quo
1033 4210 1225 4278 ceremoniae
1247 4211 1320 4276 illo·

187 4318 256 4363 rum
289 4297 445 4380 periturae
473 4298 586 4376 essent,
620 4319 783 4378 nnmerum
811 4317 882 4364 vero
910 4297 1156 4364 Christianorum
1179 4298 1319 4362 verbera·

187 4384 307 4459 hrum,
337 4382 596 4466 proscriptorum,
625 4387 804 4452 necatorum
826 4385 890 4449 illis
912 4383 988 4465 ipsis
1011 4383 1172 4466 suppliciis
1195 4384 1321 4449 auctum

187 4488 262 4534 esse.
287 4469 363 4536 Inde
379 4468 481 4538 facilis
496 4469 533 4533 fit
547 4469 697 4536 transitus
712 4470 751 4534 ad
763 4470 894 4534 alteram
909 4469 1154 4536 adversariorum
1169 4469 1319 4534 rationem
