3108 5126
1337 343 1359 406 5

227 519 279 585 uui
300 519 472 586 Gratianus
494 519 707 586 instituendus
730 519 985 587 committeretur.
1020 521 1131 590 Omnia
1152 524 1244 602 cerba,
1267 533 1303 589 ut
1324 524 1358 592 id

128 623 146 646 r
226 605 417 680 statuamus,
440 607 568 670 suadere
590 607 622 670 et
643 624 752 689 cogere
776 605 935 684 ridentur,
963 609 1066 686 locus,
1095 610 1249 693 amputa,
1278 611 1357 676 ami-

227 689 301 755 citia
321 709 376 774 pur
397 692 498 756 totam
520 689 619 756 vitam
640 688 692 773 pie
714 693 845 758 servata
869 691 952 757 Nam
975 693 1149 758 Ausonium
1172 694 1358 778 Bndigalae

226 775 396 840 rhetoricen
418 775 556 841 docuisse
580 777 626 854 et,
649 795 721 841 uum
743 777 836 842 natus
858 777 939 842 esset
961 795 987 842 a.
1011 777 1074 844 fare
1096 779 1168 846 310.
1214 777 1360 863 Symmaq

61 870 96 943 ‚j
226 861 319 926 chum
342 861 444 925 aetate
466 862 602 926 multum
625 877 799 944 superasse,
825 861 909 928 inter
931 878 1036 928 omnes
1058 864 1197 946 mnataty
1219 864 1257 930 de
1278 865 1358 930 ami·

57 1020 64 1033 ,
87 1018 93 1024 ,
226 944 311 1021 uitia,
334 965 394 1028 qna
415 946 506 1010 ambo
528 946 680 1030 singulari
701 946 968 1026 devinciebantur,
991 947 1074 1012 infra
1095 948 1191 1016 etiem
1213 967 1268 1016 suo
1290 951 1358 1016 loeo
1437 991 1441 998 ·

54 1044 90 1054 ··
226 1031 373 1096 dicemus.
423 1030 614 1096 Tirocinium
648 1031 786 1098 militare
819 1032 985 1098 admodum
1021 1033 1145 1100 iuuenis
1178 1033 1293 1104 meruit
1324 1037 1388 1100 in·

226 1117 376 1182 comitatu
394 1116 624 1194 Valentiniani,
658 1135 727 1181 cnm
759 1119 788 1183 is
816 1117 930 1199 oppida
962 1117 996 1181 in
1024 1117 1128 1184 limite
1149 1119 1252 1184 Rheni
1284 1139 1357 1186 uon·
1471 1112 1476 1123 “

225 1203 367 1266 amaret
411 1202 719 1268 Praestantissimum
751 1203 810 1266 bac
842 1203 880 1266 de
906 1222 939 1268 ro
964 1202 1116 1268 iudicium
1144 1205 1192 1268 est
1215 1205 1357 1285 Ausonii,
1457 1253 1460 1266 .

225 1287 280 1369 qni
301 1285 341 1350 ad
364 1285 585 1369 Symmachum
607 1287 715 1352 scribit
737 1309 783 1370 ep.
808 1289 841 1366 1,
871 1289 929 1352 38:
963 1287 1024 1366 ,St
1045 1293 1189 1370 expertus
1210 1308 1242 1353 es
1264 1289 1358 1354 iidem

39 1363 50 1370 ’
75 1384 88 1401 ’
225 1391 312 1437 meae
333 1372 449 1436 mentm
471 1375 564 1454 atque
585 1373 752 1454 hebrum,
781 1392 851 1438 cum
873 1373 906 1438 in
929 1372 1079 1440 comitatu
1101 1373 1245 1456 degimus
1266 1377 1358 1440 ambo

226 1476 301 1524 aevo
328 1445 459 1554 duriori,
493 1459 548 1555 nbi
576 1459 613 1524 tu
640 1458 754 1524 veteris
782 1458 917 1578 11111111ᾳὲ
945 1458 1087 1541 praemia
1113 1459 1174 1523 tiro
1202 1459 1357 1538 mernisti,

223 1542 924 1724 uisitauitfitqtttttlttla
944 1542 1240 1695 driutius
1262 1544 1359 1696 lid

222 1713 357 1790 ardetur,
380 1732 453 1778 cum
474 1729 630 1794 nusquam
653 1713 788 1796 amplius
811 1713 878 1779 eius
899 1713 1016 1778 mentio
1039 1715 1189 1784 occurrat.
1249 1789 1253 1800 ,

328 1797 406 1862 Sum
435 1799 474 1862 ael
502 1798 655 1880 reliquam
685 1798 866 1881 Symmachi
898 1799 998 1866 vitam
1032 1799 1238 1866 caenandum
1271 1817 1358 1863 auca

224 1883 351 1958 demur,
383 1885 486 1966 prima
508 1885 778 1948 commemoranda
805 1886 852 1950 est
873 1883 1052 1965 inscriptio,
1088 1899 1165 1966 quau
1187 1883 1221 1946 in
1244 1882 1357 1948 Orellii

224 1986 349 2050 corpore
363 1969 496 2032 bebatur
512 1969 611 2033 1187:
637 1967 780 2043 „Eusebii
798 1969 834 2048 Q.
846 1970 923 2034 Aur.
936 1967 1124 2050 Symmacho
1139 1990 1168 2035 r.
1185 1988 1210 2033 c.
1227 1971 1357 2050 quaest,

223 2054 338 2138 praet,
360 2051 502 2136 pontifici
524 2052 645 2130 maiori,
668 2054 832 2118 comesturi
852 2053 1008 2119 Lucaniae
1031 2054 1063 2118 et
1083 2053 1283 2132 Brittiorum,
1305 2071 1357 2118 cu·

223 2137 296 2202 miti
324 2137 441 2203 ordinis
468 2138 572 2215 tertii,
605 2155 743 2219 procons.
772 2138 911 2215 Africae,
943 2140 1038 2219 praei.
1068 2139 1153 2215 urb,
1184 2155 1243 2202 cos.
1274 2137 1356 2202 ordi·

223 2222 322 2301 nario,
345 2223 462 2288 oratmi
484 2222 687 2288 disertissimo
710 2223 745 2302 Q.
769 2225 844 2288 Fab.
868 2223 911 2288 M.
936 2222 1142 2307 Symmachus
1171 2238 1201 2288 o.
1225 2239 1250 2286 c.
1273 2221 1357 2304 patri

222 2306 372 2389 optimo“.
400 2310 470 2372 Iam
492 2329 528 2374 er
549 2307 610 2374 hac
631 2309 784 2373 bonorum
806 2310 1038 2376 enumeratione
1058 2306 1261 2390 intelligitur,
1284 2325 1357 2389 gra

224 2393 301 2457 dnm
322 2392 386 2458 iure
414 2411 475 2458 non
506 2411 573 2459 osse
596 2393 778 2475 dignitatis,
814 2395 967 2476 adquam
995 2395 1052 2458 ille
1082 2411 1143 2458 nen
1171 2391 1356 2475 pervenerit.

223 2477 389 2559 Inscriptio
410 2479 516 2544 votiva
538 2479 587 2542 est
608 2497 627 2542 a
647 2477 714 2544 filiu
735 2478 819 2559 patri
841 2477 953 2544 dicata.
976 2478 1036 2561 Qui
1057 2477 1209 2561 praefixus
1230 2477 1280 2542 est
1293 2477 1357 2540 Eu-

215 2562 327 2628 aebius
355 2565 438 2628 certe
464 2563 533 2628 erat
559 2562 644 2628 inter
673 2562 853 2646 Symmachi
885 2563 1165 2640 familiarissimum
1200 2580 1272 2627 eum
1300 2562 1358 2626 boo

223 2649 295 2714 locu
311 2649 507 2714 nominatum
529 2665 596 2714 esse
617 2649 689 2713 inde
711 2648 894 2729 explicabis,
924 2650 1005 2730 quod
1027 2667 1103 2714 usus
1124 2646 1293 2724 increbuit,
1321 2648 1358 2710 ut

224 2734 297 2800 aute
320 2751 434 2798 nomen
457 2734 532 2815 eius,
556 2735 596 2798 ad
618 2752 710 2817 quem
732 2733 894 2816 inscriptio
909 2734 1098 2816 pertinebat,
1119 2752 1202 2798 unus
1217 2751 1253 2797 ex
1276 2730 1357 2796 ami·

223 2818 359 2968 {migiss
382 2817 447 2884 eins
469 2819 705 2902 praefigeretur,
730 2819 780 2884 cni
803 2819 960 2886 artissime
981 2820 1167 2884 coniunctus
1189 2819 1236 2884 ita
1256 2815 1357 2900 signi·

214 2940 217 2946 ·
245 2923 296 2970 uer
329 2923 376 2966 nr.

324 2989 450 3054 Dicitur
464 2989 514 3053 vir
524 2988 726 3064 clarissimus,
743 2990 825 3070 qnod
837 3007 1007 3073 cognomen
1021 2989 1162 3057 omnium
1177 2987 1237 3052 illa
1252 2986 1358 3054 aetate

222 3079 401 3140 musarum
423 3074 602 3158 legitimum
617 3074 692 3139 erat
709 3072 755 3140 (11.
771 3074 840 3138 Ael.
857 3073 1013 3158 Lamprid
1029 3076 1116 3140 Alex.
1133 3073 1235 3138 Seuer.
1256 3090 1282 3136 u.
1299 3072 1355 3136 21:

225 3159 408 3242 ,pausans
430 3160 584 3242 praetorio
598 3159 664 3224 suis
679 3159 865 3224 senatoriam
886 3159 1007 3226 addidit
1027 3159 1223 3243 dignitatem,
1246 3159 1282 3220 nt
1297 3155 1356 3220 viri

222 3245 388 3310 chrbsimi
410 3247 443 3311 et
465 3245 571 3309 essent
592 3245 624 3308 et
646 3244 848 3309 dicerentur“.
872 3244 917 3309 Ut
932 3245 994 3310 elia
1008 3247 1139 3322 taceam,
1163 3241 1270 3308 eedem
1285 3259 1357 3304 eum

222 3331 405 3414 cognomine
426 3329 612 3396 Ambrosius
635 3328 773 3411 appellat
794 3328 885 3394 initio
907 3349 954 3412 ep.
980 3331 1029 3396 18.

325 3415 514 3494 Quaesturae
536 3414 649 3479 notitia
671 3414 773 3480 omnis
794 3413 896 3496 periit.

324 3500 492 3565 Praetnrae
513 3500 562 3565 bis
583 3500 617 3565 in
639 3499 779 3582 cpismlis
801 3499 945 3565 meminit
967 3502 1001 3579 8;
1021 3498 1063 3563 14
1083 3499 1115 3564 et
1131 3499 1162 3575 9,
1185 3495 1237 3573 32,
1260 3512 1357 3576 neque

224 3603 296 3650 raro
318 3585 390 3649 inde
412 3586 578 3666 quicquam
602 3586 772 3650 monemur.

324 3671 508 3736 Pontificem
529 3670 679 3734 maiorem
701 3687 733 3734 se
755 3667 850 3734 etiam
872 3686 919 3750 ep.
944 3669 973 3744 1,
994 3669 1036 3732 47
1059 3666 1207 3750 appellet.

323 3757 476 3820 Lucaniae
499 3756 531 3822 et
545 3755 731 3820 Brittiorum
752 3754 904 3818 corrector
925 3754 993 3818 erat
1016 3771 1042 3816 a.
1066 3753 1151 3832 365,
1173 3751 1209 3818 ut
1231 3769 1268 3815 en
1289 3749 1356 3814 cod.

222 3840 336 3906 Theud.
361 3841 391 3924 8,
414 3841 445 3920 5,
468 3841 510 3907 25
533 3840 739 3924 cognoscitur.

323 3925 433 3991 (lomes
455 3925 571 3990 ordinis
594 3924 682 3990 tertii
703 3923 828 3990 honoris
851 3923 965 3990 titulus
988 3923 1035 3990 est
1056 3921 1188 4004 plurimi
1207 3919 1309 3985 fautus
1325 3920 1357 3982 et

222 4011 295 4088 inde
316 4029 336 4076 a
356 4009 555 4075 Constantini
577 4010 679 4076 aetate
701 4013 858 4092 receptus,
889 4028 949 4092 quo
976 4009 1008 4074 et
1029 4006 1165 4091 publicis
1187 4003 1355 4099 magistra

222 4095 309 4160 tibus
331 4095 434 4162 iuneti
463 4097 494 4178 et
521 4096 575 4177 qui
596 4096 820 4178 imperatorum
846 4094 936 4160 aulae
957 4092 1107 4174 edentium
1134 4089 1225 4154 erant
1250 4106 1355 4185 ornan

221 4181 369 4329 110191πὲ1.
386 4181 484 4330 tlistris-s
507 4181 780 4264 distinguebantur
801 4181 929 4264 gradus:
957 4178 1085 4244 mmites
1113 4174 1230 4240 ordinis
1251 4191 1356 4254 primi,

225 4283 320 4332 moun
342 4286 364 4345 1,
402 4285 417 4331 e
460 4285 481 4328 1.

239 4403 243 4409 .
324 4351 550 4418 Proconsulatu
571 4351 697 4416 Africae
719 4350 844 4416 iunctus
867 4351 915 4415 est
937 4368 965 4414 a.
987 4347 1061 4416 ata.
1083 4345 1129 4412 cf.
1152 4345 1219 4410 cod„¹
1240 4343 1353 4410 Theod.

225 4438 276 4515 la,
302 4439 329 4514 1,
353 4437 405 4501 73.
449 4436 487 4500 In
508 4456 570 4518 qua
592 4435 762 4518 prounuia.
778 4435 1027 4501 administranda
1059 4431 1256 4514 popularium
1289 4428 1356 4494 uni-

223 4539 291 4587 mus
313 4539 434 4588 summe
459 4521 521 4589 sibi
543 4521 724 4588 conciliasse
746 4519 879 4601 yidetur,
902 4521 939 4586 ui
959 4539 996 4586 en
1016 4537 1064 4601 ep.
1087 4519 1117 4596 8,
1139 4518 1162 4584 5
1182 4513 1357 4598 intelligas:
