3108 5126
1309 289 1351 356 39

186 483 315 546 rimae
328 499 455 563 prorsus
471 479 719 560 deperderentur,
741 476 890 558 epistolae
904 478 1114 562 ignobiliores,
1138 498 1214 562 quas
1231 500 1269 545 ne
1284 481 1352 564 ipse

189 566 343 650 quidem
358 566 491 648 scriptor
504 563 661 640 edidisset,
685 567 732 628 tot
754 567 962 628 servarentur.
1004 563 1106 630 Causa
1128 565 1206 630 mihi
1229 565 1352 632 udan

192 653 329 734 duplex
350 671 429 727 esse,
452 651 561 729 altera,
584 650 664 732 quod
685 645 820 726 litterae,
843 668 914 714 oum
940 651 1034 716 multi
1055 652 1100 715 eis
1123 653 1293 728 uterentur,
1316 655 1353 718 ut

194 757 391 805 sermonem
413 756 506 801 sunm
527 736 576 800 ita
596 735 782 818 expolirent,
815 735 938 818 saepius
959 739 992 800 ot
1014 736 1188 802 accuratius
1215 736 1350 820 ‹imsup-

196 827 268 890 tae
289 825 374 902 sunt,
397 824 506 899 altera,
530 820 611 903 qnod
624 822 706 885 inter
719 821 867 902 epistolas
890 820 964 886 libri
979 823 1091 886 dodimi
1113 822 1351 888 babeturotiam

201 909 328 994 petitio
350 927 407 992 pro
429 925 483 972 ara
504 907 670 984 Victoriae,
694 925 773 990 qnae
795 911 871 972 adeo
886 905 1042 972 celebrata
1064 909 1096 972 et
1116 909 1259 974 lectitata
1273 909 1350 986 erat,

204 999 255 1060 ut
274 995 405 1077 reliquis
427 996 522 1058 etiam
537 991 678 1075 epistolis
700 997 783 1058 esset
805 993 1031 1076 quodammodo
1053 993 1257 1074 firmmento,
1280 1014 1352 1062 cum

207 1082 382 1156 orationes,
411 1097 489 1162 quae
511 1097 610 1162 neque
631 1096 650 1142 a
671 1077 845 1143 rhetoribus
868 1077 1036 1143 imitandae
1058 1082 1300 1161 proponerentur
1320 1083 1352 1146 ct

210 1167 403 1316 {xtemplasso
413 1183 485 1247 prae
516 1165 627 1313 οξξὲῐίε
654 1164 816 1314 tauttgopere
830 1163 990 1314 teminenti
1011 1167 1164 1244 mrerent,
1192 1168 1351 1232 communi

286 1271 348 1317 sorr
404 1271 473 1316 rum
496 1269 530 1314 so
600 1268 668 1314 corr
778 1269 854 1314 sm.

306 1271 441 1414 egsum,
464 1339 501 1400 ut
523 1353 598 1400 num
620 1268 826 1418 aligpquoque
848 1334 1053 1421 Symmachus
1075 1337 1234 1422 scripserit
1258 1355 1350 1419 quae·

219 1442 344 1572 raulrgs,
368 1441 438 1572 ἔξω
459 1421 496 1486 de
519 1441 551 1485 re
573 1421 704 1572 halibetnr
725 1421 806 1571 asprzl
826 1420 1032 1570 ‹ltorffiandcrn
1061 1426 1100 1521 de
1121 1422 1352 1574 remum}

236 1531 323 1572 .:
443 1525 837 1571 eomrcmsure
947 1527 1025 1571 rmrn

216 1529 428 1658 {texandrum
440 1525 1350 1676 Marilnmeae,qrit¹dicitSymmacaliusinuguilrrffesinaaerhigffi-

217 1679 281 1743 riae
302 1679 414 1742 libro.“
461 1677 577 1743 Narrat
598 1679 641 1742 ihi
656 1677 830 1742 demandes
845 1677 1024 1763 Symmachi
1039 1677 1201 1744 historiam
1216 1680 1350 1758 secutus,

218 1783 351 1846 quonam
373 1765 464 1828 modo
484 1765 684 1840 Maximinus,
707 1782 897 1847 quamquam
919 1763 1028 1830 infimo
1048 1764 1116 1831 loco
1139 1765 1241 1844 notus,
1264 1783 1352 1831 sum·

219 1869 285 1914 mos
298 1856 405 1915 tamen
419 1849 550 1916 honores
566 1849 697 1932 adeptus
720 1849 763 1912 sit
777 1850 925 1932 additque
940 1853 973 1915 iu
988 1850 1049 1915 line
1064 1850 1202 1918 eiusdem
1224 1850 1350 1936 capitis:

221 1939 320 2020 „quod
342 1954 400 1999 nos
422 1936 535 2024 ideirco
557 1936 630 1999 huie
652 1933 799 2018 opusculo
822 1934 859 1999 de
874 1935 1053 2020 Symmachi
1075 1937 1206 2003 historia
1225 1939 1351 2003 mutua-

219 2022 330 2095 vimus,
355 2023 505 2103 quatenus
527 2022 663 2104 gentem,
687 2019 768 2085 unde
782 2019 915 2103 agimus,
940 2020 1175 2087 ostenderemus
1202 2022 1242 2088 ad
1262 2023 1351 2107 regni

217 2106 351 2172 Romani
373 2107 535 2190 fastigium
557 2125 654 2188 usque
677 2105 828 2171 venisse.⁴‘

321 2191 399 2256 Cum
428 2211 498 2258 vero
531 2192 623 2256 huius
655 2194 838 2257 narrationis
872 2195 1029 2257 auctorem
1057 2192 1155 2258 alium
1182 2193 1350 2259 habeamus

217 2276 419 2428 lliunumdad
441 2297 604 2361 quemnam
628 2277 850 2360 Symmachum
873 2279 1035 2358 referatur,
1058 2278 1210 2344 incertum
1232 2277 1281 2343 est
1302 2297 1350 2344 re·

241 2383 346 2446 nquen
369 2382 431 2427 um.

524 2569 558 2636 v.
584 2569 628 2637 lio
651 2568 839 2674 Symmachi
863 2569 1037 2640 latinitate.

321 2710 358 2772 ln
385 2709 523 2772 extrema
550 2709 768 2774 dissertatione
791 2708 884 2772 verba
913 2712 1063 2790 quaedam
1091 2710 1189 2775 iacere
1217 2710 1255 2775 de
1277 2711 1350 2776 lati·

218 2797 334 2870 nitate,
369 2812 431 2876 qua
453 2812 528 2857 usus
556 2795 606 2858 est
633 2794 852 2860 celeberrimus
881 2793 971 2859 illius
998 2795 1111 2860 aetatis
1134 2795 1254 2873 orator,
1288 2815 1349 2862 non

218 2881 418 2962 displicebat,
453 2897 513 2960 qua
546 2879 580 2942 in
608 2879 788 2961 quaestione
822 2880 1079 2962 distinguendum
1115 2880 1237 2946 uidetur
1269 2882 1351 2948 inter

217 2966 371 3031 orationes
394 2968 426 3031 et
448 2964 606 3047 epistolas.
630 2965 731 3048 Supra
753 2966 838 3030 enim
860 2964 924 3029 iam
946 2969 1157 3044 monebamus,
1180 2967 1350 3051 imaginem

218 3053 333 3116 summi
354 3050 442 3116 illius
465 3050 540 3128 viri,
575 3070 669 3133 quam
693 3052 870 3116 etiamnunc
898 3052 987 3117 uobis
1014 3051 1160 3136 effingere
1186 3070 1350 3135 possumus

218 3137 387 3221 diligenter
418 3135 622 3200 consideratis
650 3138 772 3201 mutilis
801 3137 977 3202 orationum
1005 3137 1191 3220 fragmentis
1221 3155 1349 3220 magno·

217 3243 288 3307 pere
311 3223 427 3288 distare
449 3222 489 3286 ab
517 3221 638 3286 eximiis
661 3222 820 3299 laudibus,
855 3221 967 3305 quibus
995 3223 1035 3286 ab
1061 3221 1242 3302 aequalibus
1270 3222 1349 3287 cele-

217 3309 366 3374 brabatur
400 3307 552 3372 omnibus.
596 3308 679 3372 Nam
713 3307 852 3372 Tulliani
885 3307 990 3372 mellis
1024 3306 1219 3386 facundiam,
1257 3327 1350 3391 quarn

217 3393 420 3478 Symmachus
450 3393 532 3457 tanti
554 3393 666 3458 habuit
693 3413 874 3478 semperque
903 3393 1090 3459 imitandam
1117 3394 1293 3476 proposuit,
1316 3394 1349 3458 in

217 3481 335 3564 exiguis
367 3479 523 3562 reliquiis,
556 3497 634 3560 quae
666 3482 705 3545 ad
738 3482 845 3546 nostra
878 3498 974 3562 usque
1005 3481 1145 3562 tempora
1174 3497 1348 3562 pervenere,

217 3567 333 3632 trustra
354 3583 490 3646 quaeres.
523 3565 625 3647 Magis
648 3567 776 3646 apparet
797 3565 896 3630 Plinii
919 3565 1066 3642 imitatio,
1089 3565 1176 3630 ouius
1198 3566 1350 3632 urbanam

216 3651 420 3717 festivitatem
442 3654 474 3716 et
496 3651 563 3716 arto
585 3651 739 3715 excultam
761 3649 885 3714 dicendi
907 3649 1097 3734 elegantiam
1119 3650 1242 3719 utinam
1264 3671 1350 3720 asse-

217 3738 306 3802 cutus
329 3738 418 3801 esset.
463 3735 524 3801 Sed
547 3755 617 3800 cum
640 3736 743 3819 quiuis
765 3734 897 3818 scriptor
921 3756 981 3802 non
998 3738 1042 3801 ab
1065 3736 1151 3802 omni
1174 3739 1349 3823 temporum

216 3822 427 3887 coniunctione
459 3822 618 3886 seiunctus
647 3821 690 3885 sit
724 3820 916 3900 metiendus,
950 3823 1003 3889 sed
1031 3842 1101 3889 cum
1130 3825 1208 3908 ipsis
1236 3841 1349 3908 aequa-

216 3909 300 3974 libus
322 3907 455 3973 collatus
483 3925 518 3972 ex
544 3926 601 3972 sua
622 3909 723 3972 aetate
745 3907 856 3973 debeat
877 3908 1055 3989 aestimari,
1089 3910 1122 3975 id
1149 3911 1183 3975 in
1205 3910 1349 3993 Symma-

217 3995 308 4059 chum
338 3993 509 4077 opportune
541 3994 629 4058 cadit
662 3993 750 4077 eique
783 4013 931 4079 magnam
960 3995 1177 4061 auctoritatem
1210 3995 1348 4076 alioquin

217 4079 394 4164 negandam
416 4081 498 4144 certe
519 4079 667 4145 restituit.
706 4080 751 4144 At
773 4079 836 4146 iam
861 4081 1063 4147 oratiunculis
1085 4079 1176 4144 facile
1197 4079 1348 4164 neglectis

217 4167 383 4248 adipeam
418 4165 620 4247 epistolarum
648 4185 812 4231 censuram
841 4167 998 4232 adeamus.
1043 4164 1125 4230 Nam
1153 4166 1191 4229 ut
1217 4167 1347 4244 taceam,

216 4252 297 4335 quod
320 4250 487 4316 familiaris
517 4252 693 4318 litterarum
724 4271 798 4317 usus
827 4253 859 4315 et
888 4252 1141 4333 argumentorum
1169 4251 1293 4319 exilitas
1315 4250 1348 4316 id

217 4356 320 4402 secum
343 4336 423 4400 ferre
445 4335 534 4413 solet,
557 4337 594 4401 ut
616 4355 716 4402 sermo
739 4337 948 4422 negligentius
971 4337 1196 4419 quodammodo
1211 4338 1242 4402 et
1264 4337 1347 4404 solu-

216 4423 281 4488 tius
309 4421 452 4486 decurrat
481 4422 513 4486 ot
544 4440 635 4504 saepe
663 4441 732 4488 eam
764 4423 826 4488 sibi
854 4425 961 4506 poscat
992 4423 1168 4500 licentiam,
1201 4443 1279 4507 quae
1308 4424 1349 4488 ab

217 4509 287 4574 aliie
309 4506 530 4588 scriptionibus
549 4508 614 4572 iam
629 4510 754 4590 propter
769 4511 1023 4592 argumentorum
1037 4508 1227 4593 gravitatem
1242 4511 1348 4575 abesse
