3108 5126
255 357 298 426 28

256 569 350 636 quam
372 549 525 614 redditam
549 548 709 624 audimus,
739 549 826 613 velut
848 567 917 614 oum
939 547 1180 613 Valentinianus
1203 547 1228 612 Ι.
1253 567 1272 613 a
1294 549 1383 634 Sym-

255 636 365 702 macho
392 635 441 700 his
470 635 571 699 uerbis
598 635 746 698 laudatur
780 634 877 716 (laud.
903 634 972 699 Val.
997 634 1031 711 2,
1056 634 1128 706 aab:
1166 631 1280 714 „Sonat
1304 635 1383 714 apud

255 724 288 786 te
309 721 438 786 libertas
460 719 590 784 lorensis
614 719 743 801 eloquii,
775 719 1008 802 quamdudum
1031 719 1151 783 exulem
1172 719 1384 786 tribunalibus

254 805 427 872 reddidisti.
473 804 547 869 Ruri
577 807 722 869 emeritus
750 805 886 886 torpebat
915 805 1032 881 orator3
1067 805 1177 886 quibus
1207 803 1384 872 facundiam

255 895 370 957 natura
392 889 526 962 dederat,
550 889 686 954 officium
708 891 755 955 vis
777 890 933 974 regebat.“
965 887 1010 953 Cf.
1035 890 1130 954 etiam
1152 887 1234 953 laud.
1252 888 1340 956 Grat.
1364 892 1384 955 2

259 966 364 1054 „Tunc
390 975 526 1057 primum
550 974 715 1050 (Gratiano
737 975 876 1057 septenni
905 973 1043 1055 consule)
1072 974 1201 1040 forensis
1229 974 1404 1041 industria.

254 1063 324 1142 lege
347 1061 501 1142 quondam
529 1062 648 1124 silentii
674 1062 842 1142 subiugata
869 1059 983 1125 liberos
1012 1060 1115 1124 oculos
1145 1057 1184 1123 ad
1212 1060 1302 1124 tuum
1325 1061 1385 1125 tri-

254 1146 351 1212 bunal
374 1146 478 1212 erexit.
507 1145 584 1210 Cum
607 1146 638 1210 in
662 1146 854 1226 amplissimo
877 1145 1067 1229 magistratu
1089 1143 1213 1208 illustre
1235 1145 1385 1227 quiddam

255 1233 288 1298 et
309 1232 398 1297 dulce
426 1231 604 1295 resonantia
631 1233 753 1296 decreta
785 1232 932 1307 sancires,
967 1230 1081 1296 sensim
1104 1228 1313 1296 intelleximus
1345 1232 1385 1296 ad

254 1317 384 1382 honesta
406 1315 509 1380 officia
531 1316 711 1381 facundiam
734 1335 823 1397 possa
844 1321 1008 1380 remeara.“

356 1401 407 1467 Ad
430 1401 499 1483 ipsa
527 1401 645 1482 scripta
674 1402 880 1484 percensenda
908 1419 978 1464 eum
1006 1400 1236 1479 devenerimus,
1270 1400 1385 1467 distin·

254 1489 411 1570 guondum
434 1486 557 1551 omnino
581 1486 714 1551 videtur.
750 1487 860 1569 Itaque
882 1486 1018 1568 primum
1041 1504 1169 1568 agemus

625 1675 664 1739 A.
689 1676 733 1741 da
754 1675 1010 1742 orationibus.

356 1813 534 1896 Antequam
567 1813 601 1877 in
634 1813 774 1896 singulas
804 1813 976 1878 accuratius
1005 1811 1214 1894 inquiramus,
1247 1813 1280 1878 id
1302 1815 1384 1896 quod

254 1917 347 1976 supra
376 1899 440 1962 iam
473 1899 637 1981 attigimus
665 1899 723 1963 hoo
750 1917 868 1982 quoque
900 1900 966 1963 loeo
996 1903 1043 1963 est
1069 1897 1383 1976 commemorandum,

204 1996 206 2000 ’
253 1983 360 2048 haberi
388 1983 534 2047 videlicet
561 1983 594 2048 in
624 1985 814 2050 orationibus
844 1985 1024 2066 saepissime
1051 1985 1192 2049 veterum
1222 1984 1384 2048 auctorum

254 2069 338 2134 looos
361 2069 393 2132 in
416 2087 530 2133 nouum
553 2089 644 2134 usum
667 2071 883 2136 conformatos.
928 2070 999 2133 Huc
1020 2070 1143 2150 praetor
1172 2067 1235 2133 alia
1259 2068 1290 2132 id
1314 2089 1383 2152 per-

252 2154 348 2230 tinet,
373 2157 451 2236 quod
475 2154 507 2218 in
529 2154 748 2220 laudValent.
768 2157 793 2233 I,
818 2157 838 2220 2
860 2155 1015 2221 Ciceronis
1037 2155 1132 2219 verba
1154 2155 1325 2218 recitantur
1347 2173 1384 2220 ox

253 2239 347 2304 divin.
375 2241 409 2303 in
439 2238 550 2303 Caecil.
581 2240 621 2303 12
649 2241 811 2321 desumpta
840 2243 872 2305 et
905 2241 938 2304 in
971 2240 1055 2304 laud.
1087 2237 1174 2304 Grat.
1207 2239 1383 2322 9Vorgilii

251 2325 336 2390 locus
358 2324 451 2406 paulo
473 2326 615 2388 mutatus
642 2326 909 2391 commemoratur.
953 2325 1039 2406 Quod
1069 2325 1095 2389 si
1122 2325 1156 2388 in
1178 2325 1383 2404 paucularum

252 2409 427 2474 orationum
460 2410 591 2474 minutis
624 2410 811 2494 fragmentis
844 2411 918 2476 talis
951 2410 1088 2475 imitatio
1122 2409 1300 2475 etiamnunc
1334 2409 1383 2475 di-

253 2494 404 2572 noseitur,
439 2494 590 2578 quantam
619 2515 687 2560 eam
710 2496 806 2562 irrisae
833 2498 977 2580 putemus
1003 2496 1072 2560 tota
1099 2494 1274 2561 orationum
1301 2495 1383 2560 iute-

252 2599 379 2663 grarum
402 2581 488 2646 serie.
513 2579 599 2644 Inter
621 2581 783 2659 orationes,
807 2601 884 2667 quas
908 2581 1112 2665 Symmachus
1133 2581 1254 2659 habuit,
1276 2580 1396 2668 plures*

241 2666 324 2729 ‘sunt
346 2667 560 2748 panegyricas,
586 2668 622 2731 de
645 2685 705 2748 quo
727 2685 839 2750 genere
862 2667 984 2732 dicendi
999 2667 1093 2731 uerba
1115 2666 1266 2749 quaedam
1282 2664 1383 2730 facere

252 2768 313 2814 non
339 2750 500 2816 videbatur
533 2751 669 2816 alionum
704 2771 778 2818 esse.
823 2753 1053 2835 Imperatorum
1083 2751 1275 2832 temporibus
1307 2769 1383 2815 usus

252 2831 423 2916 percrebuit
450 2837 601 2917 principes
631 2855 686 2918 per
713 2839 915 2922 panegyricos
944 2836 1110 2911 laudandi,
1144 2835 1232 2900 cuius
1261 2841 1382 2918 generis

252 2921 387 3000 primum
415 2921 507 3003 idque
535 2922 840 3002 praestantissimum
869 2921 1024 3003 exemplar
1051 2920 1150 2986 Plinii
1177 2920 1382 3004 panegyricus

251 3005 283 3068 in
307 3004 478 3070 Traianum
500 3005 599 3082 extat,
634 3007 687 3087 qui
715 3009 893 3074 dulcissimo
922 3008 953 3072 et
981 3006 1214 3090 elegantissimo
1243 3023 1383 3071 sermono

251 3091 441 3170 conscriptus
465 3091 559 3155 nimis
581 3095 687 3155 tamon
710 3093 775 3158 iam
795 3094 827 3158 in
850 3092 1060 3158 adulationem
1082 3091 1193 3174 uergit.
1216 3090 1295 3156 cum
1310 3109 1382 3173 pro·

251 3176 429 3242 cedentibus
463 3179 550 3242 annis
578 3177 719 3260 neglecta
752 3180 837 3244 omni
871 3195 961 3243 uerae
987 3177 1105 3261 gloriae
1138 3194 1213 3241 cura
1242 3175 1381 3241 adulatio

250 3264 317 3326 sola
339 3280 392 3344 per
413 3261 491 3328 istos
513 3262 716 3345 panegyricos
740 3266 1043 3346 appeteretur,‘nou
1066 3261 1150 3328 iacta
1171 3261 1309 3326 illustria
1331 3279 1381 3327 or·

250 3364 331 3425 nare,
355 3365 416 3411 non
439 3367 487 3412 res
509 3348 586 3412 bene
606 3349 637 3411 et
660 3348 783 3414 fortiter
803 3351 908 3434 gestas
930 3348 1067 3420 laudare,
1091 3365 1153 3413 non
1175 3345 1291 3428 ingenii
1315 3346 1381 3412 rir-

249 3432 333 3497 tutes
356 3432 452 3516 digno
467 3432 630 3515 praeconio
654 3434 816 3512 celebrare,
840 3453 900 3499 nou
917 3452 1038 3499 morum
1061 3433 1275 3516 integritatem
1297 3431 1382 3498 iusta

250 3517 478 3598 praedicatione
502 3517 607 3582 efferre
629 3518 662 3583 in
684 3518 790 3584 auimo
811 3520 966 3584 habebant
988 3519 1139 3597 oratores,
1162 3516 1216 3582 sed
1238 3517 1381 3598 quamvis

248 3621 314 3666 rem
341 3603 390 3667 uel
418 3603 551 3668 maxime
581 3604 741 3686 vulgarem
769 3606 800 3668 et
827 3605 996 3688 ignobilem
1029 3602 1221 3686 quibuslibet
1253 3601 1380 3668 laudum

249 3686 382 3751 cumulis
405 3705 517 3771 auguro
540 3690 716 3755 studebant.
761 3690 843 3770 Quid
867 3689 947 3772 quod
974 3689 1053 3755 tales
1075 3686 1252 3771 panegyrici
1276 3704 1380 3752 coram

238 3771 327 3854 ipsis
353 3771 592 3854 imperatoribus
620 3794 708 3858 saepo
730 3773 1000 3841 vehementissima
1029 3773 1258 3856 vituperatione
1286 3790 1381 3852 quam

248 3855 393 3921 laudibus
432 3857 532 3922 multo
565 3859 756 3940 dignioribus
789 3860 1018 3938 recitabantur,
1057 3858 1107 3924 vol
1140 3858 1254 3922 saltem
1287 3855 1379 3922 iami-

247 3941 379 4005 liaribus
412 3941 636 4024 imperatorum
668 3946 883 4027 praesentibus
916 3944 1191 4028 praelegehantur,
1232 3941 1286 4023 qui
1326 3960 1381 4023 per

247 4025 454 4092 inveteratam
477 4028 570 4109 atque
591 4029 734 4094 innatam
755 4031 965 4095 adulationem
991 4029 1108 4093 mentis
1131 4045 1224 4093 sanae
1246 4026 1380 4108 amplius

247 4111 311 4175 fere
332 4131 394 4176 uon
418 4114 574 4193 compotes
596 4114 702 4179 laudes
725 4114 903 4196 principum
926 4113 1050 4178 nonnisi
1067 4109 1380 4179 immoderatissimas

238 4194 396 4262 -ferebant
441 4198 549 4280 Neque
583 4198 785 4282 Symmachus
818 4217 836 4263 a
869 4200 936 4281 lege
968 4199 1026 4262 illa
1058 4199 1151 4280 atquo
1184 4215 1307 4273 norma,
1344 4196 1379 4261 in

248 4297 341 4360 quam
375 4281 589 4350 laudationum
622 4284 755 4349 istarum
789 4287 951 4367 scriptores
984 4303 1038 4367 por
1070 4282 1254 4347 diuturnum
1288 4299 1379 4346 usum

248 4364 312 4428 iam
334 4369 550 4446 peruenerant,
583 4369 723 4446 recessit,
754 4369 807 4434 sed
831 4369 911 4451 quod
937 4371 970 4433 in
993 4369 1127 4452 reliquos
1149 4367 1242 4432 huius
1265 4364 1378 4431 aetatis

121 4525 129 4534 ἱ
248 4450 503 4534 panegyrioorum
526 4454 700 4537 scriptores,
724 4452 807 4518 idem
829 4455 863 4518 in
885 4454 978 4520 illum
1001 4471 1121 4538 quoquo
1143 4451 1235 4518 eadit.
1273 4452 1378 4532 Ipsam

248 4535 423 4603 orationum
446 4555 607 4606 censuram
631 4538 748 4607 acturis
770 4539 897 4608 initium
912 4539 1035 4608 videtur
1049 4537 1226 4606 laciendum
1241 4555 1260 4602 a
1274 4533 1376 4604 laudi·
