3108 5126
218 333 239 398 6

104 573 107 580 ,
224 519 357 606 „Essent
379 519 471 584 mihi.
488 521 596 604 gratae
624 519 749 584 litterae
778 522 851 586 tuae
873 519 924 585 vel
952 518 980 586 si
1002 519 1084 586 nihil
1110 520 1149 586 de
1169 519 1248 586 meis
1271 520 1353 605 apud

222 605 360 676 Africam
382 604 502 670 meritis
525 623 562 670 ac
583 604 729 671 laudibus
752 605 954 671 continerent.
996 607 1080 672 Nam
1102 606 1138 672 ut
1158 605 1237 671 mihi
1259 606 1350 671 decus

223 690 356 774 aliquod,
380 688 428 754 ita
449 689 507 755 tibi
530 708 585 772 pro
614 689 726 755 mutua
752 689 892 755 amicitia
918 691 1069 776 gaudium
1096 692 1348 774 praestiterunt“.

221 775 345 860 Quanto
369 793 473 840 amore
495 774 567 840 huic
589 774 765 857 prouinciae
787 775 893 858 postea
914 775 1010 841 etiam
1032 775 1155 842 deditus
1185 776 1278 858 atque
1300 778 1350 842 de·

220 862 344 930 rinctus
367 860 475 942 fuerit,
498 878 664 944 cognoscas
688 879 725 925 11
746 879 815 943 epp.
837 861 872 940 2,
897 862 953 938 63;
983 863 1033 940 10,
1056 862 1086 926 2.
1131 863 1232 926 Immo
1254 861 1281 926 si
1305 880 1349 943 ep.

221 952 251 1027 9,
277 948 337 1030 115
360 946 557 1027 comparatur
578 965 651 1013 cum
673 963 719 1025 ea,
743 964 838 1028 quam
859 945 950 1012 modo
967 945 1061 1030 attigi
1076 949 1105 1025 8,
1128 947 1159 1024 5,
1183 945 1351 1012 verisimile

219 1034 272 1111 fit,
306 1029 588 1116 aprovincialibus
616 1030 646 1096 ei
674 1030 795 1097 statuas
823 1033 938 1098 erectas
966 1050 1047 1118 esse,
1080 1031 1192 1114 quibus
1215 1050 1351 1098 amorem

222 1136 313 1184 sunm
335 1116 429 1197 atque
450 1115 590 1181 studium
614 1113 836 1200 significarent.

324 1201 521 1266 Praefectura
549 1202 668 1267 urbana
701 1200 786 1265 cadit
818 1203 851 1266 in
878 1220 907 1266 a.
935 1201 1025 1279 384„
1058 1220 1136 1284 quae
1165 1219 1352 1284 quamquam

221 1287 331 1387 multis
359 1285 451 1383 rebus
482 1287 604 1370 egregia
628 1284 728 1385 gestis
756 1285 830 1351 adeo
858 1285 993 1388 illustris
1021 1287 1104 1352 facta
1125 1286 1187 1365 est,
1220 1285 1352 1385 1111111

136 1505 140 1516 ,
221 1371 721 1542 1111111111111
742 1370 1353 1541 1111111111111111

220 1545 361 1627 legamus
384 1540 423 1605 11
446 1541 509 1604 cod.
526 1539 640 1606 Theod.
666 1542 694 1618 1,
719 1540 748 1619 6,
772 1542 807 1616 9;
829 1541 860 1618 4,
884 1542 935 1617 17,
957 1542 994 1624 43
1018 1544 1067 1621 11,
1091 1543 1143 1621 30,
1165 1543 1217 1607 44.
1240 1542 1352 1608 Decas-

221 1647 323 1695 sorem
338 1625 371 1692 in
387 1625 445 1690 hoc
460 1624 648 1709 magistratu
663 1625 773 1691 habuit
785 1624 989 1691 Anthemium
1000 1628 1134 1692 Bassum
1151 1627 1210 1711 (ep.
1219 1628 1270 1703 10,
1286 1627 1351 1711 40).

223 1714 362 1795 Cumque
384 1711 573 1792 reliquorum
594 1711 763 1790 honorum,
787 1711 899 1792 quibus
922 1710 1125 1794 Symmachus
1149 1712 1273 1778 functus
1296 1713 1353 1792 111,

223 1800 332 1883 exigua
354 1798 444 1862 modo
467 1794 581 1861 notitia
609 1798 647 1861 11
669 1814 725 1860 111
747 1795 937 1880 pervenerit,
964 1815 1078 1874 annus,
1108 1814 1166 1878 quo
1188 1797 1244 1861 ille
1265 1815 1353 1879 prae-

222 1884 373 1950 fecturam
398 1880 547 1945 urbanam
570 1879 722 1962 suscepit,
750 1880 869 1947 multas
896 1881 934 1946 ob
964 1899 1072 1948 causas
1094 1881 1159 1946 tam
1182 1880 1301 1946 celeber
1324 1880 1355 1946 11

221 1967 355 2034 illustris
384 1966 485 2031 factus
516 1966 575 2044 est,
610 1969 646 2032 nt
673 1985 776 2033 rerum
805 1966 921 2032 indices
943 1966 1032 2034 nobis
1059 1966 1093 2032 in
1121 1966 1268 2050 promptu
1290 1965 1354 2032 sint

225 2054 275 2120 sat
296 2052 483 2135 frequentes.
506 2050 637 2136 Singula
659 2071 715 2119 suo
738 2069 875 2134 quaeque
896 2052 963 2118 loeo
993 2052 1311 2118 commemorabimus.

325 2138 365 2202 A.
394 2137 465 2202 391.
495 2137 602 2203 consul
630 2140 697 2202 erat
726 2137 936 2220 collegamque
962 2136 1073 2202 habuit
1099 2137 1286 2215 Tatianum,
1320 2135 1356 2202 ut

226 2244 262 2289 11
285 2222 349 2289 111.
373 2221 487 2287 111111.
510 2240 676 2306 cognoscas
698 2223 729 2286 et
750 2219 912 2303 inscriptio
935 2221 1077 2300 testatur,
1103 2240 1182 2304 quae
1203 2221 1252 2287 111
1273 2221 1357 2304 apud

225 2309 377 2375 Orellium
406 2307 516 2372 6041..:
544 2307 617 2386 ,Fa
645 2307 825 2390 (111111.)
854 2305 983 2372 Simma.
1014 2311 1120 2386 coss.,“
1145 2307 1266 2372 idest:
1294 2308 1355 2372 Ta·

226 2395 312 2460 tiano
336 2394 368 2458 11
390 2391 574 2476 Symmacho
597 2392 784 2458 oonsulibus.
807 2392 879 2473 Ipse
900 2391 994 2458 huius
1016 2391 1142 2458 honoris
1165 2390 1356 2458 mentionem

225 2477 357 2546 1111111
381 2496 448 2559 epp.
473 2477 504 2561 3,
527 2477 583 2560 62;
607 2477 637 2557 5,
666 2478 771 2561 15;9,
796 2478 868 2544 130.
1139 2554 1142 2566 Ι
1254 2479 1256 2484 ’

327 2563 523 2646 Quamquam
538 2561 603 2628 iam
625 2581 661 2628 11
682 2562 924 2646 magistratuum
947 2563 979 2627 et
1000 2580 1127 2628 numero
1150 2563 1181 2627 11
1203 2560 1356 2644 dignitate

226 2646 335 2732 quanti
357 2646 562 2732 Symmachus
584 2647 710 2713 habitus
733 2647 777 2712 sit
799 2648 890 2730 plano
912 2647 1049 2729 apparet,
1074 2647 1138 2712 alia
1160 2645 1254 2711 etiam
1272 2664 1356 2711 acce·

226 2734 306 2799 dunt
327 2731 519 2812 testimonia,
544 2733 655 2817 quibus
679 2732 718 2796 ad
740 2750 896 2798 summam
918 2749 988 2797 eum
1016 2733 1168 2797 honorum
1197 2730 1356 2815 magnitu-

226 2818 331 2884 dinem
360 2817 535 2883 ascendisse
566 2818 670 2901 aperte
700 2817 869 2883 edocemur.
913 2817 999 2881 Inter
1029 2820 1183 2882 senatores
1216 2814 1357 2880 omnium

226 2898 1358 3072 111111111111111111111111111

224 3075 329 3156 ipsum
351 3071 541 3139 advocabant
563 3070 622 3156 (ep.
646 3073 680 3152 2,
709 3072 780 3155 57),
802 3071 1012 3155 legationum,
1037 3090 1112 3155 quae
1134 3089 1358 3153 nonnunquam

227 3159 266 3224 ad
288 3156 684 3241 imperatorespmittendae
707 3159 810 3235 erant,
840 3175 947 3222 curam
969 3158 999 3222 et
1021 3157 1169 3223 honorem
1191 3155 1219 3222 11
1243 3155 1358 3222 defere-

225 3244 304 3309 bant
326 3243 385 3325 (op.
409 3243 445 3321 5,
480 3243 550 3323 95),
577 3243 661 3308 idem
683 3242 720 3307 ab
747 3242 986 3325 imperatoribus
1015 3241 1199 3308 cusulendus
1222 3259 1357 3307 arcesse-

227 3330 319 3392 batur
342 3329 401 3411 (ep.
425 3328 461 3406 3,
490 3327 562 3410 52),
592 3327 679 3411 eique
707 3327 824 3392 itinera
849 3327 976 3409 publica
1002 3326 1250 3410 imperabantur,
1283 3324 1359 3408 quin

227 3412 396 3478 Gratianus
426 3411 507 3494 ipse,
543 3412 735 3478 laetissimas
767 3414 901 3478 cunrad
931 3414 1075 3477 senatum
1104 3411 1282 3494 scripsisset
1303 3409 1358 3474 lit·

227 3499 319 3577 teras,
344 3497 397 3579 qui
420 3515 472 3562 eas
494 3496 640 3562 recitaret
656 3497 842 3580 Symmacho
865 3497 1037 3581 digniorem
1059 3496 1170 3562 hahuit
1191 3496 1359 3562 neminem.

330 3582 372 3662 Ι1,
397 3600 518 3647 summo
535 3582 744 3649 Romanorum
767 3582 883 3680 gloriae
902 3583 1008 3646 ardore
1030 3583 1175 3667 flagrans,
1198 3582 1235 3647 11
1258 3580 1359 3647 uirum

229 3667 356 3734 decebat
379 3666 499 3748 priscae
521 3667 704 3751 antiquitati
727 3685 816 3732 unrce
839 3667 993 3745 deditum,
1021 3667 1137 3733 litteris
1164 3665 1274 3750 patriis
1297 3665 1359 3730 im·

227 3753 352 3831 butum,
382 3751 530 3834 antiquas
556 3753 717 3836 religionis
749 3752 955 3829 defensorem,
990 3753 1143 3818 maiorum
1170 3751 1267 3817 moris
1295 3768 1360 3817 ser-

228 3836 471 3914 vantissimum,
508 3837 643 3902 Romani
680 3837 814 3904 nominis
847 3838 1029 3903 memoriam
1062 3838 1204 3904 sanctam
1239 3854 1361 3902 servare

227 3925 320 4006 atque
342 3921 423 3987 tucri
446 3921 602 4000 studebat,
626 3923 757 3988 Romam
784 3922 1025 4001 „venerabilem
1051 3922 1111 4005 (ep.
1135 3923 1166 4002 8,
1189 3923 1259 4008 21),
1283 3939 1360 4004 quae

227 4027 280 4091 per
303 4007 352 4073 111
373 4006 495 4073 saecula
517 4008 583 4072 sola
604 4006 638 4071 in
660 4008 732 4073 orbe
754 4009 907 4073 terrarum
929 4008 1089 4073 dominata
1109 4006 1175 4072 iam
1198 4025 1217 4071 a
1238 4025 1360 4073 summo

226 4093 384 4176 potentiae
407 4091 438 4157 et
459 4091 576 4176 gloriae
598 4091 726 4176 fastigio
750 4091 879 4158 decliuis
901 4092 1073 4169 ferebatur,
1103 4110 1172 4158 raro
1200 4092 1238 4157 ab
1261 4091 1359 4172 impe·

226 4179 379 4243 ratoribus
403 4177 470 4243 visa
492 4177 524 4241 et
541 4176 844 4260 Constantinopolim
867 4194 1000 4243 sororem
1029 4177 1124 4242 nacta
1146 4177 1360 4259 potentiorem,

228 4263 336 4327 tamen
359 4262 524 4328 eliamtum
549 4280 728 4342 ,commune
742 4262 866 4347 imperii
881 4264 990 4344 caput“
1010 4261 1147 4345 appellat
1165 4262 1224 4345 (ep.
1241 4261 1272 4339 4,
1295 4261 1360 4344 28),

225 4347 271 4412 111
303 4365 374 4412 cum
400 4346 589 4414 Theodosius
621 4348 692 4430 post
724 4347 902 4413 victoriam,
920 4347 956 4412 de
990 4346 1140 4431 Sarmatis
1173 4346 1362 4428 reportatam

227 4431 320 4497 trium
345 4432 421 4496 hum
438 4432 555 4498 Romae
578 4432 693 4516 egisset
714 4432 779 4498 iam
802 4431 1001 4515 antiquitatis
1023 4431 1173 4498 memoria
1200 4430 1360 4516 perculsus

225 4453 448 4602 gloriabundus
474 4518 552 4585 haec
580 4517 682 4584 mittit
710 4519 811 4584 uerba
832 4517 893 4602 (ep.
918 4518 972 4597 10,
1002 4517 1072 4603 68):
1110 4517 1197 4599 „Iam
1226 4514 1360 4582 minores
