3108 5126
1274 422 1314 485 19

181 605 287 672 votiva
310 606 368 682 cst,
392 623 481 670 nemo
504 605 667 670 colendam
690 609 791 688 neget,
815 623 910 687 quam
932 606 1094 690 profitetur
1111 608 1312 690 optandam.“

180 693 409 758 Ornamentum
440 695 522 754 certe
555 691 657 780 curiae
687 692 783 756 fuisse
815 691 1067 774 relinquendum,
1113 696 1310 772 „Praestate“

179 777 283 861 pergit
308 792 377 855 ,oro
401 794 469 852 vos,
503 780 539 839 ut
567 795 603 840 66
631 795 708 857 quae
735 777 821 858 pueri
845 781 1038 858 suscepimus
1067 797 1155 844 senes
1183 781 1314 862 posteris
1369 779 1381 796 ”

179 863 402 943 relinquamus.
427 859 666 926 Consuetudinis
696 881 781 926 amor
804 881 935 945 magnus
965 868 1041 926 est.“
1078 865 1118 927 111
1140 863 1314 929 Constantii

180 947 298 1012 iactum
322 964 384 1009 non
407 945 461 1008 diu
483 945 618 1011 stetisse.
666 948 815 1024 Ubinam,
851 967 904 1012 616
932 949 1070 1025 sublata,
1106 949 1139 1011 in
1170 951 1253 1031 leges
1285 955 1315 1013 et

183 1033 276 1097 verba
309 1032 532 1112 imperatorum
565 1033 725 1096 iurarent?
765 1035 860 1097 Aram
894 1033 982 1096 illam
1016 1034 1104 1114 quasi
1139 1037 1316 1100 concordiae
1386 1091 1389 1098 .

184 1118 341 1181 vinculum
357 1118 473 1180 arctius
489 1117 713 1199 quodammodo
733 1118 825 1182 fidem
841 1119 981 1183 omnium
1003 1120 1206 1202 adstringere,
1230 1139 1315 1184 sum-

181 1221 325 1282 mamque
347 1202 564 1265 auctoritatem
588 1205 715 1266 senatus
746 1205 911 1268 sententiis
942 1204 1014 1268 inde
1043 1198 1203 1282 accedere,
1235 1207 1315 1287 quod

180 1290 253 1352 orde
278 1287 368 1367 quasi
395 1287 517 1350 iuratus
547 1288 722 1352 decerneret
749 1290 863 1353 omnia.
910 1288 1085 1354 Constantii
1112 1291 1232 1356 factum
1255 1310 1315 1354 non

181 1391 246 1438 6666
275 1371 400 1453 quidem
428 1373 620 1454 negandum,
656 1375 709 1438 sed
738 1393 814 1454 quae
843 1374 907 1438 alia
929 1375 985 1439 1116
1007 1375 1145 1456 plurima
1167 1377 1316 1459 gessisset

181 1457 405 1534 aemularetur,
440 1457 495 1539 qui
522 1476 681 1539 nunquam
711 1461 792 1522 certe
822 1461 887 1523 tale
909 1461 1076 1542 quicquam
1100 1462 1314 1538 commisisset,

180 1544 206 1608 si
229 1543 308 1607 alius
331 1543 395 1606 iam
418 1546 508 1607 66166
531 1545 568 1606 16
592 1543 641 1608 via
664 1544 696 1608 et
718 1545 937 1608 consuetudine
959 1547 1314 1610 maiorumdefierisset.

181 1631 221 1692 111
243 1647 309 1692 6666
331 1629 427 1705 66116,
452 1646 529 1710 quac
552 1627 729 1692 imitatione
752 1629 846 1712 digna
868 1629 1005 1712 fecisset,
1035 1632 1088 1711 qui
1111 1631 1156 1694 nil
1179 1651 1194 1694 6
1217 1633 1316 1713 privi-

181 1713 272 1798 legiis
296 1731 453 1777 sacrarum
476 1713 636 1796 virginum
659 1713 877 1794 deminuissct,
909 1718 1150 1780 sacerdotiorum
1174 1718 1316 1797 sumptui

181 1817 242 1863 non
269 1799 471 1880 pepercisset,
505 1797 571 1880 ipse
598 1799 707 1862 urbem
737 1801 897 1863 aeternam
920 1802 1062 1877 visisset,
1097 1802 1209 1865 senatu
1239 1805 1315 1866 duee

181 1884 312 1948 delubra
335 1883 567 1964 perlustrasset,
598 1889 724 1948 deorum
748 1885 875 1948 nomina
897 1888 929 1949 in
953 1888 1083 1950 summis
1107 1887 1244 1968 fastigiis
1267 1889 1316 1950 in·

180 1971 297 2050 scripta
319 1970 454 2051 legisset,
479 1969 667 2051 templorum
690 1969 826 2052 origines
848 1975 1065 2052 percunctatus
1082 1973 1316 2054 conditoresque

181 2053 313 2118 miratus
343 2059 437 2131 66661,
471 2056 503 2116 61
536 2072 606 2118 curn
635 2055 714 2117 alias
749 2055 912 2138 religiones
942 2057 1007 2136 ip‘sc
1036 2067 1214 2137 sequeretur
1241 2058 1316 2121 11166

182 2145 286 2204 tamen
310 2141 438 2219 imperio
461 2142 623 2203 servasset.
671 2139 715 2203 At
743 2140 807 2204 iam
830 2141 1001 2204 utilitatem
1025 2161 1142 2224 quoque
1166 2144 1316 2206 accedere.

182 2225 260 2289 Cum
284 2225 366 2288 enim
389 2225 469 2288 ratio
492 2227 591 2288 omnis
614 2225 743 2289 obscura
765 2227 855 2301 esset,
879 2228 916 2289 dc
938 2229 1089 2291 memoria
1105 2231 1197 2310 atquc
1214 2247 1316 2291 rerum

182 2313 387 2374 secundarum
409 2309 601 2374 documentis
630 2311 838 2391 cognitionem
868 2313 1031 2375 numinum
1060 2314 1177 2388 venire,
1213 2314 1316 2394 itaque

181 2395 342 2477 religionis
366 2395 584 2459 auctoritatem
608 2397 717 2458 multis
741 2396 872 2460 saeculis
895 2398 1057 2478 probatam
1081 2404 1111 2460 et
1134 2416 1151 2458 a
1174 2399 1316 2480 patribus
1405 2474 1410 2480 ,

161 2481 338 2561 ,receptam
367 2499 432 2544 esse
462 2480 653 2545 servandam.
698 2482 738 2544 Et
768 2485 804 2544 ut
833 2482 1077 2560 miscricordiam
1106 2501 1140 2546 66
1169 2483 1317 2546 1661616111

181 2569 333 2642 moveret,
364 2569 466 2629 orator
488 2565 620 2629 Romam
642 2566 743 2646 1666111
765 2566 798 2630 16
819 2566 957 2630 medium
985 2567 1127 2648 producit
1154 2573 1246 2649 atque
1269 2570 1315 2632 16-

181 2653 328 2732 quentem
351 2651 440 2715 facit:
480 2649 617 2731 ,Optimi
640 2651 809 2733 principes,
839 2655 942 2733 patres
965 2656 1099 2733 patriae,
1133 2655 1316 2718 reveremini

182 2754 279 2800 annes
307 2754 406 2813 meos,
441 2735 473 2797 iu
502 2754 577 2816 quos
603 2754 653 2798 mc
684 2737 754 2817 pius
788 2737 867 2800 ritus
898 2738 1040 2814 adduxit,
1075 2744 1110 2802 ut
1138 2740 1209 2802 utar
1238 2741 1316 2803 ceri·
1351 2767 1357 2774 ·

181 2821 296 2885 moniis
318 2821 428 2898 avitis,
461 2839 559 2902 neque
589 2820 673 2884 enim
700 2823 848 2902 poenitet.
888 2823 1002 2887 Vivam
1024 2843 1109 2889 more
1134 2844 1219 2900 meo,
1244 2826 1317 2905 quia

182 2906 282 2971 libera
310 2925 388 2970 sum.
434 2907 495 2970 Hic
525 2906 627 2969 cultus
655 2907 687 2969 in
717 2909 799 2990 leges
827 2927 912 2971 meas
939 2911 1044 2973 orbem
1073 2910 1209 2992 redegit,
1244 2910 1318 2974 baec

183 3009 270 3056 sacra
291 2992 503 3056 Hannibalem
525 3010 543 3054 a
566 2992 738 3068 moenibus,
761 2991 950 3074 aOapitolio
966 2995 1100 3059 Senones
1123 2997 1315 3076 repulerunt.

183 3077 232 3141 Ad
262 3078 318 3144 boc
347 3095 403 3158 ego
431 3082 556 3142 servata
578 3095 663 3153 sum,
698 3081 743 3141 ut·
761 3079 912 3159 longaeva
938 3080 1154 3162 reprehendar.
1197 3081 1316 3159 Videre,

182 3163 273 3244 quale
296 3163 352 3238 sit,
384 3163 464 3244 quod
487 3163 715 3226 instituendum
742 3164 878 3244 putatur.
926 3165 1000 3229 Sera
1022 3167 1127 3229 tamen
1157 3168 1187 3229 61
1209 3170 1317 3229 contu-

94 3329 96 3334 ,
183 3247 314 3311 11611666
336 3253 384 3312 661
414 3248 588 3313 emendatio
618 3249 816 3312 senectutis.“
864 3249 975 3330 ltaque
1002 3269 1109 3331 pacem
1141 3253 1230 3333 rogat
1258 3251 1317 3313 diis

182 3334 307 3416 patriis,
347 3333 407 3398 diis
440 3333 641 3416 indigetibus.
690 3332 828 3416 (tumque
861 3334 967 3398 eadem
1002 3354 1107 3399 omncs
1141 3337 1318 3412 spectarent

183 3421 277 3497 66116,
301 3419 421 3483 coelum
444 3420 587 3484 omnibus
610 3438 772 3483 commune
795 3421 877 3484 66661
892 3420 1058 3502 eodemque
1073 3440 1178 3485 omncs
1201 3421 1317 3486 mundo

183 3505 431 3583 involverentur,
466 3506 528 3584 nil,
563 3505 680 3587 inquit,
715 3508 877 3584 interesse,
912 3524 974 3586 qua
997 3507 1125 3588 quisque
1151 3508 1318 3588 prudentia

183 3608 291 3654 verum
315 3590 470 3672 inquirat,
495 3608 555 3654 uuo
578 3591 662 3656 cuim
685 3591 795 3655 itinere
817 3610 877 3655 non
900 3609 989 3672 posse
1013 3593 1167 3673 perveniri
1188 3591 1229 3666 61
1252 3593 1317 3655 tam

183 3676 299 3758 6161116
321 3677 484 3740 secretum.
519 3678 563 3739 At
586 3677 675 3758 quasi
697 3677 794 3740 nimia
816 3677 880 3740 iam
902 3695 976 3740 usus
999 3677 1030 3740 in
1047 3679 1174 3742 dicendo
1190 3678 1318 3741 licentia

184 3779 289 3824 vocem
312 3761 471 3825 submittit
492 3763 659 3843 relictaque
674 3762 869 3825 contentione
884 3762 922 3825 61
938 3764 1021 3827 66166
1039 3783 1071 3828 66
1088 3767 1182 3830 161111
1203 3781 1317 3844 616666,

184 3846 295 3927 quibus
319 3847 354 3910 ut
366 3846 547 3911 Vestalibus
570 3847 765 3923 immunitas,
789 3866 850 3929 qua
873 3852 964 3912 antea
987 3869 1061 3914 usae
1085 3855 1197 3925 essent,
1218 3851 1316 3912 resti-

185 3935 325 3996 tueretur
348 3939 425 3996 orat.
450 3931 532 3997 Nam
556 3951 592 3996 61
614 3933 788 4016 virginibus
811 3934 975 4017 privilegio
997 3937 1129 4016 privatis
1154 3955 1223 3999 cum
1247 3936 1318 3996 nul·

185 4018 358 4081 1611166616
383 4017 498 4082 aerario
521 4020 681 4082 accederet
704 4021 914 4098 commodum,
944 4020 1010 4084 ficri
1039 4023 1101 4084 iam
1133 4041 1193 4083 non
1217 4038 1316 4100 posse,

186 4103 221 4166 ut
243 4103 301 4166 snb
323 4103 508 4188 largissimis
532 4103 721 4185 principibus
745 4123 780 4168 ea
802 4106 1052 4188 denegarentur,
1071 4125 1149 4186 quac
1174 4106 1220 4168 vel
1244 4122 1317 4183 per-

186 4188 302 4252 cissimi
319 4190 558 4273 praestitissent.
583 4189 736 4254 Abessent
759 4191 855 4274 igitur
879 4195 940 4254 ista
956 4192 1135 4272 compendia
1151 4191 1190 4253 ab
1206 4191 1318 4253 aerarii

185 4277 336 4354 puritate,
359 4275 595 4358 principumque
617 4274 710 4341 fiscus
733 4277 869 4340 hostium
891 4276 1013 4357 6661116,
1039 4294 1098 4338 666
1122 4276 1317 4341 sacerdotum

187 4360 307 4424 damnis
337 4365 513 4444 augeretur.
561 4361 599 4424 Et
628 4358 774 4443 'quoniam
803 4363 1022 4436 imperatorum
1050 4381 1150 4426 mores
1173 4362 1211 4426 ab
1234 4364 1318 4425 omni

186 4445 351 4528 iniquitate
374 4450 405 4510 ct
433 4447 565 4510 avaritia
588 4447 787 4512 remotissimi
815 4447 933 4523 essent,
967 4464 1002 4512 66
1026 4447 1121 4511 6116111
1143 4448 1318 4512 miseriores

186 4549 237 4596 666
262 4533 367 4611 111611,
392 4533 445 4615 qui
468 4533 614 4596 subsidiis
638 4533 765 4616 antiquo
790 4553 846 4598 usu
876 4533 1007 4614 receptis
1029 4535 1255 4616 spoliarentur;
1280 4535 1319 4596 ad

187 4620 286 4684 solam
310 4619 393 4684 enim
416 4617 590 4694 amittentis
613 4618 762 4685 iniuriam
785 4618 916 4696 detrahi,
942 4621 1023 4704 quod
1047 4621 1217 4686 auferentis
1241 4619 1319 4684 desi-

1181 4735 1218 4788 2.
