3108 5126
1292 407 1313 470 3

140 555 143 562 ¹
183 585 289 650 turum
314 583 447 666 pretiiS,
465 584 577 667 quibus
604 585 815 667 sperabatnr“.
859 588 897 652 Id
919 587 1066 654 accidisse
1088 589 1172 654 filius
1196 589 1314 672 quoquc

184 671 278 735 refert
299 670 391 734 initio
414 671 564 736 orationis
590 690 644 753 pro
667 672 815 756 Trygetio
838 672 979 754 habitae,
1008 675 1089 738 unde
1111 675 1311 774 intelligitur,

184 755 405 839 Symmachum
432 756 519 838 gravi
546 757 604 821 hae
636 757 736 838 plebis
764 757 881 823 offensa
908 759 1029 824 laesum
1062 778 1115 824 rus
1149 758 1316 825 de‘cessrsse

183 842 291 922 ibique
319 841 459 904 animum
486 841 665 906 litterarum
698 844 811 907 studiis
840 844 1039 922 exhilarasse,
1073 848 1216 909 senatum
1243 864 1315 912 vero

184 927 268 990 tanti
289 927 350 989 viri
371 927 545 992 absentiam
572 935 635 991 noh
656 927 782 1008 tulisse,
806 930 860 993 sed
884 947 1021 993 summes
1044 930 1316 1012 nobilissimosque

184 1011 267 1075 viros
289 1012 328 1075 ad
350 1029 421 1075 eum
443 1011 562 1095 legatos
584 1013 718 1093 misisse,
742 1013 795 1096 qui
818 1018 853 1077 ut
869 1015 1001 1080 Romam
1015 1015 1130 1080 rediret
1152 1035 1223 1080 eum
1246 1034 1316 1081 ero·

183 1101 298 1160 rarent.
343 1097 430 1161 Idem
452 1101 594 1164 narratur
617 1099 673 1180 ldp.
698 1101 727 1178 1,
749 1099 841 1183 44⁹⁶).

286 1199 404 1277 1111113,
427 1216 503 1281 quae
525 1217 623 1281 pauca
645 1203 735 1266 mode
757 1202 883 1285 protuli,
906 1203 970 1266 iam
993 1202 1197 1285 cognoscitur,
1220 1202 1317 1267 Avia·

185 1282 274 1348 nium
302 1283 522 1367 Symmachum
552 1287 684 1374 publicis
712 1287 879 1351 honoribus
913 1289 1044 1352 summis
1077 1290 1221 1352 ornatum
1255 1307 1316 1353 non

184 1370 287 1433 minus
310 1370 487 1434 htterarum
510 1371 611 1454 gloria
633 1373 824 1438 excelluisse.
847 1373 935 1436 Inter
957 1374 1092 1438 oratores
1116 1376 1198 1438 certe
1220 1373 1315 1437 habe·

185 1456 275 1519 batur
297 1455 524 1537 celeberrimus,
548 1473 736 1538 quamquam
757 1459 847 1523 nobis
862 1458 1037 1522 accuratius
1059 1461 1093 1523 in
1114 1459 1148 1522 id
1162 1459 1316 1538 inquirere

184 1541 352 1622 nonlicet,
376 1559 446 1606 cum
469 1542 644 1606 orationum
671 1561 710 1607 ne
737 1544 912 1626 fragmenta
940 1542 1066 1624 quidem
1094 1545 1228 1606 minima
1250 1562 1315 1606 331-

184 1631 259 1690 1313
280 1628 352 1690 sint
396 1626 448 1690 Ad
470 1628 604 1708 reliquas
627 1628 803 1692 litterarum
825 1628 933 1692 laudes
955 1629 1157 1693 illustrandas
1180 1630 1315 1692 multum

184 1711 327 1775 iuvamur
348 1712 479 1793 epistola
494 1731 565 1790 una,
588 1731 682 1796 quam
697 1713 738 1778 ad
751 1713 854 1777 filium
874 1713 972 1791 misit,
996 1715 1028 1777 31
1048 1713 1216 1790 nonnullis,
1239 1731 1316 1794 quas

184 1795 267 1860 lilius
295 1796 334 1859 ad
367 1815 439 1861 eum
465 1798 565 1876 dedit,
600 1816 677 1880 quae
711 1799 807 1862 etiam
834 1800 1018 1880 superstites
1046 1800 1081 1862 in
1110 1800 1311 1880 epistolarum

184 1882 264 1946 libro
291 1881 392 1963 primo
420 1883 574 1947 habentur
596 1885 724 1964 primae.
762 1885 846 1948 Hinc
869 1885 1095 1968 cognoscimus,
1120 1883 1316 1948 3111131131-

181 1970 250 2031 tem
279 1969 339 2031 arti
363 1969 504 2049 'poeticae
533 1985 652 2052 quoque
684 1987 808 2051 operam
836 1970 968 2047 dedisse,
1004 1988 1077 2034 nam
1111 1970 1143 2033 in
1172 1987 1219 2050 ep.
1245 1968 1317 2047 1,2

184 2052 260 2140 haec
290 2052 444 2117 habentur
465 2055 559 2118 verba
591 2055 630 2118 ad
662 2054 765 2118 filium
801 2055 930 2135 scripta:
969 2054 1108 2132 ,inveni,
1142 2056 1223 2135 quod
1250 2053 1316 2117 illis

184 2137 289 2220 libris,
313 2156 386 2219 quos
408 2157 505 2219 nuper
527 2139 730 2219 dictaveram,
759 2140 913 2220 possimus
935 2139 1076 2203 adiicere.
1111 2139 1179 2204 Seis
1202 2140 1316 2202 Teren·

184 2224 276 2302 tium,
299 2242 360 2287 non
384 2241 546 2303 comicum,
569 2224 624 2289 sed
643 2226 814 2289 Reatinum
836 2224 928 2289 illum
949 2225 1106 2288 Romanae
1132 2223 1316 2288 eruditionis

125 2309 131 2318 “
183 2311 345 2389 parentem
372 2309 585 2375 hebdomadon
614 2309 710 2374 libros
741 2310 1000 2392 epigrammatum
1028 2310 1201 2374 adiectione
1233 2325 1267 2371 oo
1278 2327 1316 2371 11-

183 2394 286 2458 111333.
321 2394 406 2458 Illud
427 2412 498 2474 nos,
521 2396 548 2459 si
571 2397 635 2460 fors
657 2396 780 2474 tulerit,
804 2413 952 2460 conamur
973 2395 1125 2458 imitari“.
1161 2395 1236 2458 Eius
1259 2410 1311 2474 ge-

185 2479 268 2543 neris
290 2479 517 2562 epigrammata
530 2473 682 2545 'seruntur
703 2481 838 2563 quinque
860 2480 956 2545 etiam
983 2480 1017 2543 in
1046 2481 1152 2544 eadem
1181 2481 1313 2559 epistola

145 2570 149 2573 ’
184 2565 361 2629 hexametro
383 2583 473 2629 uersu
496 2568 627 2630 3131313.
668 2565 786 2644 Quanti
808 2585 827 2630 a
848 2565 914 2628 filio
936 2567 1038 2630 faetus
1061 2566 1112 2643 sit,
1137 2565 1316 2629 documento

184 2652 260 2714 sunt
282 2651 376 2714 verba
398 2651 587 2716 laudabilius
609 2653 690 2716 certe
705 2669 799 2734 quam
816 2651 919 2717 verius
935 2647 1106 2734 composita
1120 2649 1154 2714 in
1169 2668 1216 2730 ep.
1236 2652 1263 2728 1,
1278 2650 1314 2714 3:

187 2735 295 2813 ,Unus
317 2737 421 2799 aetate
443 2739 549 2824 nestra
571 2740 730 2801 monetam
752 2737 875 2802 latiaris
897 2737 1010 2817 eloquii
1034 2735 1178 2798 Tulliana
1206 2733 1315 2798 incude

185 2820 315 2887 tinxisti.
353 2820 508 2904 Quicquid
530 2823 563 2885 in
585 2824 684 2905 poetis
707 2822 860 2904 lepidum,
889 2834 971 2905 apuu
995 2824 1130 2885 oratores
1153 2838 1260 2904 grave,
1283 2819 1316 2884 in

185 2908 349 2972 annalibus
372 2907 479 2989 fidele,
501 2908 584 2972 inter
605 2908 825 2992 grammaticos
848 2908 1002 2972 eruditam
1025 2907 1102 2986 suit,
1132 2908 1216 2970 solus
1238 2905 1317 2968 hau·

184 2993 269 3072 sisti,
303 2993 405 3056 iustus
433 2995 519 3058 heres
546 2997 685 3058 veterum
715 2995 893 3058 litterarum
923 2991 1189 3074 ...apprime
1221 2991 1315 3054 ealles

185 3078 305 3161 epicam
328 3077 541 3160 disciplinam,
577 3098 639 3144 non
666 3079 770 3143 minus
796 3079 970 3164 pedestrem
998 3079 1114 3143 lituum
1137 3077 1243 3141 doctus
1269 3077 1316 3137 in·
1361 3125 1366 3132 .

185 3168 259 3228 hare
282 3211 290 3228 .
314 3210 322 3226 .
346 3212 352 3226 .
376 3165 484 3229 orandi
506 3183 601 3247 aeque
623 3183 755 3248 magnus
776 3171 808 3229 et
830 3165 990 3228 canendi&
1015 3165 1059 3227 De
1081 3162 1316 3244 epigrammatis

185 3251 261 3332 ipsis
283 3249 352 3332 agit
373 3268 420 3331 ep.
445 3251 474 3328 l,
497 3250 533 3314 4:
558 3249 724 3336 „Studium
746 3251 870 3333 quidem
892 3249 1051 3332 Menippei
1074 3248 1220 3311 Varronis
1242 3247 1314 3309 imi-

185 3337 273 3413 13113,
296 3335 350 3399 sed
372 3336 469 3401 vmcis
491 3336 662 3420 ingenium.
684 3335 769 3400 Nam
792 3355 869 3419 quae
891 3335 925 3397 in
948 3335 1102 3399 nostrates
1119 3333 1200 3398 viros
1221 3349 1317 3413 nuper

185 3421 289 3485 condis
312 3421 546 3504 epigrammata,
568 3423 644 3503 puto
666 3421 879 3486 hebdomadon
901 3420 1011 3504 elogiis
1027 3419 1209 3501 praenitere,
1232 3416 1315 3499 quod

186 3507 377 3589 hastaeque
401 3508 518 3584 sobria,
551 3525 608 3572 nec
635 3508 740 3573 tamen
766 3525 855 3572 casea
876 3511 960 3571 sunt
1004 3505 1064 3568 1113
1086 3507 1164 3570 bono
1187 3503 1313 3580 metallo

186 3610 258 3656 cusa
285 3597 374 3656 torno
401 3593 484 3678 exigi
506 3593 693 3658 nescierunt.
717 3595 757 3658 111
780 3593 933 3657 demerem
955 3591 1120 3655 materiam
1142 3588 1203 3654 nisi
1225 3589 1317 3654 fallor

184 3677 345 3742 adniteris.
391 3678 449 3742 1113
472 3677 696 3762 Pythagoram,
725 3679 779 3761 qui
806 3678 925 3744 animas
953 3677 987 3740 in
1009 3674 1229 3740 aeternitatem
1251 3674 1316 3756 pri-

185 3781 255 3826 mus
277 3765 420 3842 asseruit,
443 3763 498 3828 ille
520 3764 693 3842 Platonem,
716 3765 770 3847 qui
792 3767 864 3829 deos
887 3781 952 3827 esse
974 3761 1145 3845 persuasit,
1167 3761 1222 3825 ille
1244 3760 1317 3826 Ari·

185 3851 344 3930 stotelem,
379 3850 432 3932 qui
461 3851 606 3915 naturam
636 3853 711 3916 bone
734 3849 880 3933 loquendi
908 3849 942 3912 in
970 3851 1070 3914 artem
1092 3847 1227 3930 redegit,
1262 3844 1317 3908 ille

185 3952 352 4018 pauperem
370 3935 508 4018 durium,
531 3936 585 4000 sed
607 3935 758 4001 divitibus
781 3935 1023 4017 imperitantem,
1046 3934 1101 3996 ille
1124 3931 1317 3998 331313303-

186 4031 283 4098 tones,
304 4023 430 4105 gentem
441 4023 579 4101 Fabiam,
598 4022 706 4086 deeora
713 4021 902 4104 Scipionum,
917 4021 1079 4100 totumque
1093 4018 1186 4082 illum
1201 4016 1315 4112 trium·

186 4107 310 4190 phalam
339 4110 483 4171 senatum
505 4125 596 4189 parca
617 4108 708 4172 laude
730 4108 928 4188 perstrinxit,
958 4108 993 4169 tu
1015 4107 1131 4168 ruinam
1159 4119 1316 4185 proxumae

186 4193 300 4256 aetatis
322 4192 492 4259 illuminas.
532 4193 668 4259 Difficile
689 4193 776 4258 iaetu
798 4195 861 4272 331,
885 4192 920 4256 ut
942 4194 1039 4255 honor
1062 4188 1202 4272 angustis
1223 4185 1315 4252 rebus

185 4277 349 4344 3111131311.
387 4279 445 4344 Η13
467 4279 543 4344 locis
571 4279 630 4343 etsi
653 4280 786 4346 libenter
809 4278 1005 4345 concedimus
1031 4279 1130 4359 patris
1151 4274 1277 4342 laudem
1299 4293 1318 4340 a
1376 4365 1378 4370 Ι

286 4579 313 4655 ²)
340 4581 491 4654 Symmachi
509 4581 684 4654 epistolarum
705 4593 769 4636 usus
790 4592 851 4636 sum
869 4573 987 4635 editione
1003 4591 1041 4643 ea,
1059 4589 1126 4644 quae
1144 4591 1160 4630 a
1178 4573 1221 4630 lo.
1239 4565 1311 4629 Pmt

189 4648 271 4710 Pareo
290 4659 429 4725 procurate
446 4653 549 4723 prodiit
567 4653 681 4722 Neapoli
697 4649 842 4707 Nemetum
860 4667 883 4704 3.
903 4652 977 4704 1611.

1179 4733 1216 4782 1*
