3108 5126
1280 343 1321 409 37

190 530 273 602 stolis
301 528 442 596 collectis
470 528 605 611 primam
635 530 894 611 praeposuerunt,
932 550 993 614 que
1022 529 1174 610 rationes,
1210 533 1322 615 quibus

190 616 318 698 permoti
341 614 463 678 litteras
487 614 666 691 edidissent,
690 612 904 697 explicabant3

284 719 319 796 5)
343 718 493 783 maiorem
509 735 615 781 curam
637 717 797 782 habuisset
820 717 854 780 in
870 715 1042 804 deligendis
1066 719 1216 802 epistolis.
1241 721 1322 787 Nam

188 805 236 888 qui
251 803 409 888 plerisque
426 803 500 867 viris
520 801 697 866 illustribus
713 802 780 868 eius
797 803 910 868 aetatis
927 803 1077 872 lanulian
1094 804 1234 872 amicitia
1249 824 1322 886 con·

186 891 308 958 iunctus
332 889 364 952 et
386 907 440 971 per
462 887 664 970 epistolamm
687 888 906 953 commercium
934 888 1223 971 frequentissimum
1246 911 1320 958 con·

187 976 319 1042 sociatus
344 974 427 1038 esset
449 972 499 1054 (cl.
522 992 569 1055 ep.
594 973 623 1051 6,
649 973 690 1037 te
716 974 838 1050 ,nullus
855 972 922 1038 dies
945 975 1061 1058 absque
1084 977 1225 1059 epistolis
1243 979 1320 1042 meis

186 1061 349 1138 labitur“),
380 1059 497 1124 multas
529 1057 740 1142 languidiores
768 1058 935 1125 delevisset
956 1060 989 1125 et
1020 1060 1053 1126 in
1082 1081 1189 1128 earum
1217 1063 1323 1130 locum

185 1166 258 1230 quae
287 1146 414 1230 dignius
447 1143 623 1228 legerentur
656 1143 853 1229 reposuisset.
899 1146 945 1211 lla
973 1145 1099 1225 multis,
1135 1165 1213 1230 quae
1243 1150 1323 1215 mira

184 1237 255 1298 sunt
278 1235 311 1297 et
334 1230 519 1307 ostendunt,
547 1249 641 1312 quam
668 1229 757 1297 nullo
779 1230 911 1297 oonsilio
935 1231 962 1296 is
991 1231 1044 1316 qui
1072 1232 1195 1298 litteras
1224 1234 1323 1300 edidit

183 1320 294 1384 ductus
319 1315 371 1394 sit,
399 1317 431 1381 id
461 1335 559 1381 unum
587 1335 843 1382 commemorasse
871 1317 1025 1395 sufficiat,
1055 1318 1136 1402 quod
1164 1317 1247 1386 inter
1275 1320 1324 1384 tot

184 1403 331 1487 epistolas
355 1419 395 1466 ne
421 1420 484 1467 una
506 1401 632 1486 quidem
659 1402 791 1467 habetur
819 1403 858 1467 ad
881 1404 1075 1470 Macrobium
1098 1405 1187 1482 data,
1211 1423 1321 1487 quam·

183 1509 276 1572 qnam
301 1486 429 1553 aliunde
451 1487 561 1552 notum
589 1488 650 1565 est,
680 1506 774 1570 quana
801 1488 977 1552 arctissimo
1005 1488 1231 1556 familiaritatis
1254 1488 1322 1556 riu-

183 1577 251 1640 culo
275 1574 367 1638 ambo
390 1571 549 1643 coniuncti
573 1571 704 1656 luerint3

284 1677 319 1758 6)
343 1694 378 1739 ex
401 1676 470 1758 ipsa
496 1675 657 1742 latinitate
689 1677 831 1759 cognosci
854 1675 966 1758 potest,
995 1673 1148 1757 plurimas
1173 1675 1321 1758 epistolas

183 1783 243 1830 non
267 1762 365 1828 fuisse
388 1761 574 1838 destinatas,
598 1764 633 1826 ut
655 1761 687 1826 in
711 1761 871 1843 publicum
894 1761 1061 1846 prodirent.
1108 1761 1215 1827 Sermo
1238 1763 1323 1828 enirn

183 1846 522 2016 {pappulproodrirptionibus
539 1848 733 1930 comparatur
756 1849 938 1932 plerumque
959 1848 1146 1914 incuriosam
1163 1847 1321 1932 negligen-

286 2037 408 2114 Restat,
433 2038 468 2099 nt
495 2053 513 2098 a
535 2051 670 2117 quonam
693 2035 725 2098 et
747 2037 870 2118 quando
893 2035 1041 2117 epistolae
1063 2035 1164 2102 editae
1186 2037 1323 2103 sintin·

183 2123 350 2208 quiramus.
386 2121 489 2204 Vulgo
512 2139 579 2184 eam
602 2139 726 2204 operam
749 2122 787 2186 ad
810 2119 846 2201 Q.
861 2119 1005 2186 Flauium
1028 2121 1212 2188 Memmium
1228 2121 1321 2206 Sym·

184 2210 337 2284 maehum,
370 2205 501 2271 oratoris
524 2204 635 2282 filium,
670 2206 815 2284 releruut,
849 2206 1000 2272 librorum
1025 2207 1321 2292 manuscriptorum,

184 2297 210 2360 si
233 2295 315 2359 recte
338 2291 455 2369 sentio,
479 2291 697 2358 auctoritatem
720 2293 835 2370 secuti,
866 2294 919 2377 qai
942 2291 1039 2357 talem
1062 2291 1322 2378 significationem

183 2381 295 2446 habere
318 2378 471 2444 videntur.
516 2375 612 2442 Cuius
635 2377 680 2442 rei
703 2397 892 2466 quamquam
915 2378 997 2461 apud
1020 2379 1142 2443 nullum
1165 2378 1322 2444 auctorem

130 2481 137 2490 ·
184 2468 304 2532 certum
327 2464 414 2530 extat
437 2462 673 2540 documentum,
705 2483 740 2528 ea
763 2465 870 2528 tamen
893 2463 926 2528 et
948 2462 1180 2531 verisimillima
1203 2463 1236 2528 et
1258 2481 1323 2529 cer·

184 2552 309 2618 tissima
324 2559 379 2615 est.
425 2546 509 2612 Nam
524 2567 595 2617 eum
610 2548 678 2632 ipse
700 2550 802 2615 orator
818 2548 964 2635 epistolas
989 2567 1049 2614 non
1071 2550 1154 2615 esset
1169 2549 1321 2628 editurus,

184 2634 966 2788 ffimrrlfflgsrlrinrrgffigrw
983 2635 1076 2786 tlt
1095 2634 1325 2786 statute

185 2744 312 2874 argueris
343 2741 470 2870 Obitunp
494 2805 564 2870 libri
594 2769 625 2869 et
657 2740 900 2889 chartae,pquas
923 2805 978 2872 ille
1000 2741 1323 2889 rffiqueratfessint,

185 2914 244 2976 qua
268 2894 300 2960 in
323 2912 355 2956 re
378 2909 468 2955 nerno
491 2891 571 2954 certe
587 2890 651 2955 filio
667 2891 758 2957 unico
773 2891 1013 2976 praeferebatur.
1036 2891 1147 2978 Neque
1161 2892 1207 2958 ita
1222 2893 1323 2959 multo

185 2980 258 3062 post
279 2980 376 3062 patris
400 2976 532 3041 mortem
555 2975 722 3042 editionem
746 2977 926 3060 procurasse
949 2976 1080 3054 videtur,
1110 2997 1181 3042 cum
1204 2977 1323 3044 Sidonii

187 3063 378 3213 Apollinatris
408 3063 511 3126 aetate
544 3061 693 3144 epistolae
725 3064 787 3128 iam
823 3063 914 3129 notae
948 3064 1053 3129 essent
1081 3065 1113 3128 et
1140 3063 1234 3128 multi
1269 3081 1321 3128 eas

186 3151 330 3216 imitaren
347 3169 391 3214 ur.
985 3165 986 3175 ¹

288 3251 365 3318 Cum
388 3252 443 3316 bac
465 3250 668 3335 explicatione
691 3251 805 3329 omnia,
830 3269 907 3333 quae
929 3252 960 3318 in
986 3249 1125 3333 epistolis
1149 3249 1243 3338 miros
1267 3269 1322 3316 nos

189 3339 314 3416 babent,
338 3337 428 3402 facile
444 3336 656 3402 conciliantur.
695 3335 779 3408 Nam
794 3336 877 3402 filins
894 3354 1093 3420 quascunque
1108 3335 1230 3400 litteras
1253 3340 1323 3418 post

187 3424 285 3508 patris
308 3429 439 3488 mortem
462 3422 559 3488 etiam
581 3422 715 3500 invenit,
747 3441 853 3498 omnes
876 3423 960 3490 certe
982 3421 1093 3498 edidit,
1122 3437 1182 3505 quo
1205 3421 1322 3486 fectum

186 3512 242 3588 est,
265 3513 301 3574 ut
316 3509 364 3573 tot
378 3509 550 3576 habeantur
564 3509 741 3606 argumenti
758 3509 872 3585 infimi,
896 3509 943 3574 tot
958 3506 1085 3578 omnino
1100 3506 1321 3583 desiderentur,

186 3615 260 3678 quas
284 3595 360 3660 olim
383 3595 523 3659 extitisse
539 3593 748 3658 certissimum
769 3594 826 3671 est,
850 3595 946 3658 immo
962 3590 1205 3676 scriptiunculae
1227 3609 1322 3673 quae-

185 3684 257 3751 dam
280 3677 419 3763 epistolis
442 3680 661 3750 adnumeratae
690 3679 722 3744 et
749 3697 810 3744 una
833 3679 934 3744 editae
957 3678 1037 3756 sint,
1069 3695 1147 3761 quae
1176 3695 1214 3744 ne
1244 3676 1322 3742 rel-

186 3767 297 3831 rsndae
329 3766 455 3848 quidem
478 3765 620 3830 videntur
649 3765 729 3829 inter
758 3763 903 3848 epistolas
935 3765 966 3829 et
987 3783 1006 3828 a
1028 3763 1093 3828 solo
1123 3783 1159 3829 eo
1182 3762 1324 3845 poterant

185 3852 378 4004 titillet
408 3851 500 4002 ull
522 3849 969 4008 tritu,loliatus
983 3849 1321 4017 sustollatur

185 3957 353 4107 quaegeam
377 4041 497 4104 quoque
520 4024 558 4088 ob
581 3955 707 4092 cangsam
730 3956 973 4092 considgratione
995 4040 1056 4093 uon
1085 4019 1232 4106 indignae
1254 3982 1322 4080 esse

184 4109 343 4184 ridentur,
373 4127 444 4172 cum
473 4109 580 4192 quales
611 4109 668 4175 illa
696 4109 798 4175 aetate
827 4108 945 4178 fuerint
973 4105 1175 4173 invitationes
1203 4100 1322 4188 liquido

185 4195 359 4262 ostendent.
406 4193 517 4259 Altera
543 4197 591 4258 est
618 4213 665 4275 ep.
689 4195 719 4271 8,
745 4195 800 4257 71:
826 4192 988 4270 „Praefato
1011 4187 1186 4256 divinitatis
1217 4187 1322 4253 fauore

186 4281 322 4348 urbanae
345 4280 508 4362 praeturae
531 4280 629 4346 fasces
653 4279 736 4360 tilius
760 4297 847 4346 meus
870 4276 1074 4365 Symmachus
1098 4272 1241 4340 Calendis
1264 4274 1320 4340 Ja-

186 4369 302 4433 uuariis
330 4364 485 4430 sortietur.
523 4365 705 4436 Praesentia
732 4366 787 4430 tua
815 4364 916 4432 ornari
941 4362 1006 4430 eius
1033 4361 1169 4431 officium
1195 4358 1322 4442 partici-

185 4454 258 4534 pata
280 4450 429 4535 petitione
455 4449 656 4532 deposcimus.
693 4450 808 4525 Vale“;
831 4449 931 4515 altera
952 4445 1116 4521 simillima
1138 4465 1183 4530 ep.
1209 4446 1238 4523 8,
1263 4445 1319 4510 lh:

189 4536 391 4620 „Divinitatis
413 4536 527 4602 honore
549 4537 718 4616 praemisso
740 4535 825 4601 filius
850 4552 935 4598 meus
952 4532 1155 4617 Symmachus
1174 4529 1318 4595 Calendis
