3108 5126
271 315 313 382 26

270 504 518 590 scriptiunculas,
542 506 647 590 plures
670 505 803 588 quidem,
827 508 863 573 nt
877 506 1012 574 iudicare
1034 509 1119 590 licet,
1144 510 1320 596 deperditas
1335 505 1404 580 esse

270 593 352 658 certe
381 611 442 658 111
471 593 565 658 nimis
595 592 742 658 dolemus.
789 591 840 656 hd
869 611 923 658 nos
957 613 1119 676 pervenere
1149 596 1208 662 duo
1236 598 1403 664 Prudentii

269 677 343 743 libri
360 677 498 744 versibus
519 676 707 744 hexametris
723 678 755 742 in
772 678 990 760 Symmachum
1014 679 1131 765 scripti,
1155 681 1241 766 digni
1265 684 1402 763 omnino,

268 762 321 845 qni
336 763 491 845 legantur.
536 763 573 828 In
596 761 693 828 altero
715 762 823 828 libello
839 763 965 830 deorum
988 767 1118 832 numina
1139 768 1313 851 generatim
1335 789 1402 854 per-

269 852 373 914 censet
395 849 485 931 poeta
507 849 704 929 christianus,
728 848 760 914 in
784 847 880 913 altero
903 850 1003 932 ipsam
1026 849 1203 936 Symmachi
1229 855 1402 920 orationem

268 933 328 997 sibi
356 932 600 1018 redarguendam
635 934 804 1017 proposuit.
850 933 957 1018 Neque
985 955 1055 1002 vero
1083 940 1153 1004 tum
1186 938 1336 1005 ultimum
1363 941 1403 1006 de

268 1036 323 1083 ara
345 1018 500 1084 Victoriae
528 1023 634 1085 actum
661 1020 717 1086 est.
762 1020 926 1084 Postulata
959 1022 1081 1103 saepius
1114 1023 1247 1106 repet'tn
1281 1044 1403 1108 semper

267 1103 518 1187 negligebantur,
542 1106 629 1170 velut
644 1125 671 1170 a.
688 1105 760 1171 388.
778 1123 796 1168 a
811 1105 989 1184 Theodosio,
1005 1127 1032 1172 a.
1049 1108 1121 1172 392.
1138 1109 1400 1190 aValentiniano;

268 1207 328 1271 qua
351 1187 388 1252 de
410 1208 443 1254 re
466 1189 534 1273 agit
549 1189 692 1256 Ambros.
710 1209 754 1272 ep.
771 1190 823 1254 57.
847 1192 879 1256 et
900 1191 1054 1276 imprimis
1066 1193 1197 1275 Prosper
1212 1195 1401 1278 Aquitanns,

266 1293 320 1356 per
337 1293 427 1357 quem
450 1273 604 1354 docemur,
628 1276 694 1341 eius
711 1293 831 1358 quoque
852 1275 1023 1358 petitionis,
1047 1297 1124 1361 quae
1139 1280 1178 1343 ad
1194 1280 1403 1346 Theodosium

266 1359 364 1426 missa
379 1360 436 1438 est,
460 1363 617 1426 auctorem
632 1359 728 1426 fuisse
745 1359 975 1443 Symmachum,
999 1383 1131 1446 eumque
1154 1365 1192 1430 ab
1215 1366 1403 1448 imperatore

267 1446 403 1528 graviter
419 1463 485 1508 esse
508 1446 663 1526 punitum,
688 1465 765 1528 qnae
788 1464 843 1523 ras,
866 1446 925 1512 nisi
946 1447 1251 1532 religiosissimorum
1273 1453 1401 1518 testium

267 1529 326 1594 fido
355 1527 537 1596 confirmata
567 1531 641 1611 erit,
671 1550 704 1596 co
734 1550 789 1596 nos
811 1531 937 1598 habebit
965 1534 1064 1618 magis
1092 1535 1283 1616 incredulos,
1319 1537 1402 1620 quod

267 1616 432 1682 maximam
462 1617 554 1699 atque
581 1616 742 1682 insolitam
765 1617 927 1684 Theodosii
954 1618 987 1682 in
1016 1619 1235 1703 Symmachum
1264 1622 1402 1688 clemen-

266 1701 344 1766 tiam
366 1702 429 1766 iam
452 1702 605 1767 novimus.
649 1703 794 1768 Narratio
816 1703 890 1768 haec
912 1703 1064 1784 Aquitani
1085 1706 1215 1772 habetur
1237 1707 1271 1772 11
1293 1707 1403 1774 libello

265 1785 302 1850 de
324 1786 581 1868 promissionibus
607 1788 675 1866 Dei,
706 1789 860 1868 111111,
889 1789 1090 1870 promissione
1119 1793 1186 1856 311
1218 1791 1401 1872 „Theodosii

266 1890 337 1936 vero
370 1870 509 1954 religiosi
546 1872 696 1955 principis
726 1872 854 1954 imperio
886 1893 938 1952 per
962 1875 1090 1944 Jovium
1123 1876 1155 1942 et
1188 1876 1401 1942 Gaudentium

266 1955 393 2022 comites
421 1957 526 2022 omnia
554 1958 672 2040 templa
708 1959 873 2040 expoliata,
913 1979 989 2042 quae
1019 1980 1098 2026 1111
1127 1961 1294 2045 figmenta,
1330 1963 1400 2047 quis

266 2043 407 2106 nostrum
436 2043 629 2124 permittitur
659 2044 809 2127 ignorare.
853 2043 910 2109 Oui
933 2045 1134 2129 Symmachus
1162 2047 1231 2127 ille,
1260 2047 1400 2114 mirabili

265 2126 386 2210 eloquio
409 2130 441 2192 11
469 2128 597 2195 11111111
624 2130 796 2211 praeditus,
824 2134 983 2212 praeconio
1006 2133 1135 2196 laudum
1156 2133 1189 2196 in
1218 2135 1400 2200 consistorio

264 2213 402 2290 recitato,
438 2213 547 2278 subtili
580 2216 655 2291 arte,
689 2231 749 2297 qua
778 2215 884 2294 valuit,
922 2234 1008 2281 aram
1037 2217 1190 2282 Victoriae
1223 2221 1256 2282 in
1289 2220 1401 2284 senatu

265 2298 390 2363 restitui
413 2298 582 2362 christiano
604 2300 640 2364 ut
663 2301 788 2363 1111111
811 2300 942 2381 principi
964 2302 1131 2367 intimarit.
1171 2303 1268 2384 Quem
1290 2304 1400 2370 statim

264 2403 283 2447 a
305 2384 370 2448 suis
393 2383 569 2464 aspectibus
591 2383 717 2467 pulsnm
739 2384 771 2448 in
793 2384 959 2450 centesimo
982 2388 1085 2469 lapide
1106 2388 1219 2456 rhedae
1241 2407 1301 2454 non
1317 2391 1399 2456 stra·
1498 2431 1503 2438 -

265 2471 316 2534 tae
338 2470 519 2552 impositum
542 2489 577 2536 11
600 2471 648 2535 die
670 2488 795 2536 manere
817 2471 1000 2553 praecepit.“

582 2673 626 2742 111.
652 2674 696 2742 111
720 2617 906 2760 Symmachi
932 2676 1077 2761 scriptis.

363 2813 441 2879 Cum
465 2813 564 2878 adhuc
586 2814 623 2878 de
651 2813 774 2895 publica
796 2813 975 2896 Symmachi
1002 2815 1068 2880 1111
1101 2818 1264 2898 egerimus,
1299 2820 1398 2883 altera

263 2902 361 2964 restat
383 2918 454 2981 pars
477 2899 671 2975 absolvenda,
696 2917 773 2981 quae
797 2900 845 2966 est
859 2898 896 2964 de
918 2902 1048 2965 summis
1071 2900 1226 2978 laudibus,
1250 2923 1325 2985 quas
1342 2904 1397 2970 ille

264 2983 471 3050 celeberrimis
486 2984 663 3049 litterarum
679 2985 791 3050 studiis
805 2986 963 3050 assecutus
987 2993 1043 3050 ost.
1069 2985 1177 3069 Neque
1192 2987 1231 3052 ab
1247 2989 1395 3054 instituto

263 3070 369 3134 nostro
402 3070 524 3154 longius
560 3069 731 3134 aberraturi
765 3069 959 3148 videbamur,
998 3071 1025 3134 si
1059 3072 1181 3153 qualem
1218 3072 1397 3140 litterarum

263 3155 423 3222 habuisset
446 3173 550 3221 curam
573 3155 744 3239 quibusque
765 3157 940 3222 auctoribus
963 3156 1101 3239 legendis
1124 3157 1286 3240 ingenium
1308 3178 1398 3241 prae-

263 3241 494 3308 stantissimum
516 3242 648 3308 maxime
671 3241 864 3318 excoluisset,
888 3259 979 3324 quarn
1003 3243 1182 3308 brevissime
1204 3242 1271 3308 fieri
1293 3249 1398 3327 posset

262 3327 494 3409 inquireremus.
540 3327 655 3390 Morbis
678 3345 747 3391 cum
763 3327 985 3409 frequentibus,
1009 3327 1163 3409 imprimis
1178 3328 1291 3408 pedum
1307 3329 1395 3395 dolo-

262 3412 356 3493 ribus,
380 3414 544 3495 quominus
567 3411 700 3492 publicis
724 3431 843 3494 semper
858 3412 948 3476 rebus
963 3429 1088 3492 operam
1110 3412 1206 3493 daret,
1228 3413 1396 3495 impedire-

262 3497 313 3560 tur
336 3498 367 3561 et
390 3501 500 3562 natura
531 3497 601 3578 ipsa
633 3497 793 3562 advitam
827 3497 925 3580 magis
959 3497 1144 3562 familiarem
1167 3498 1199 3562 et
1231 3500 1395 3578 rusticam,

263 3600 356 3662 quam
378 3584 534 3664 publicam
557 3585 589 3646 11
610 3582 764 3648 forensem
786 3583 966 3660 inclinaret,
991 3583 1142 3664 quantum
1166 3584 1193 3647 ei
1221 3585 1397 3666 respublica

253 3666 318 3731 -otii
351 3667 460 3732 tribuit
493 3668 738 3748 addiscendam
770 3668 988 3749 antiquitatem
1022 3667 1165 3732 contulit.
1209 3668 1277 3734 lam
1309 3672 1395 3736 totus

262 3753 384 3816 animus
419 3751 456 3815 ad
479 3752 648 3833 priscorum
670 3755 843 3834 temporum
867 3752 1161 3833 contemplationem
1185 3755 1395 3833 revocabatur,

261 3856 298 3901 ex
320 3854 451 3919 quorum
484 3835 647 3918 disciplina
680 3838 713 3902 et
748 3839 883 3903 remedia
916 3838 1029 3918 petivit
1058 3839 1097 3904 ad
1130 3839 1265 3919 plurima
1299 3859 1396 3906 novae

261 3923 372 3988 aetatis
395 3923 478 3988 mala
500 3922 679 4003 perferenda
702 3922 849 4003 1111111,
873 3924 991 4004 quoties
1014 3925 1244 4000 evanescerent,
1274 3943 1396 4006 semper

262 4008 390 4084 refecit;
414 4008 552 4090 legendis
574 4008 815 4071 1111111111111
837 4008 960 4090 scriptis
977 4007 1119 4073 homines
1145 4009 1270 4090 ,contra
1291 4012 1397 4076 omnia

262 4095 404 4160 lbrtunae
419 4094 483 4160 tela
498 4092 633 4158 firmari“
660 4093 725 4174 ipse
747 4091 873 4173 scripsit
895 4112 942 4174 ep.
959 4093 989 4170 9,
1015 4093 1086 4158 123.
1110 4095 1209 4174 Quam
1225 4093 1316 4174 pauci
1330 4096 1395 4160 iam

261 4180 329 4243 tum
352 4179 482 4260 fuerint,
515 4178 567 4262 qui
602 4196 637 4244 11
661 4178 764 4244 animo
787 4179 825 4242 ad
849 4177 1013 4244 lectionem
1041 4180 1179 4243 veterum
1206 4178 1396 4255 accederent,

261 4263 327 4342 ipse
349 4264 538 4330 lamentatur
561 4283 607 4346 ep.
633 4265 662 4344 3,
688 4265 742 4328 ll:
770 4263 906 4344 „Itaqua
931 4266 967 4328 ut
982 4264 1047 4344 ipss
1063 4280 1282 4344 nonnunquam
1306 4283 1395 4345 prae·

263 4346 357 4425 dieas,
382 4351 536 4430 spectator
555 4351 668 4416 veteris
691 4348 834 4416 monetae
850 4349 934 4414 solus
950 4366 1121 4428 supersum,
1145 4348 1262 4414 ceteros
1277 4346 1395 4414 deleni-

260 4433 367 4497 menta
389 4434 511 4500 aurium
533 4437 688 4517 capiunt.“
736 4433 842 4516 Neque
864 4433 946 4498 intra
968 4435 1148 4498 Latinorum
1170 4431 1247 4498 fines
1271 4451 1302 4498 se
1324 4451 1394 4498 con-

261 4517 399 4595 tinebat,
424 4520 477 4583 ssd
501 4522 634 4588 Graecos
657 4539 778 4603 qnoque
800 4519 878 4584 bene
900 4518 1023 4594 calluit,
1047 4535 1176 4598 qnorum
1198 4515 1232 4583 in
1255 4517 1394 4598 epistolis
