3108 5126
253 289 295 354 22

256 478 343 542 11111
364 475 423 541 1111
439 474 563 560 optione
586 474 625 540 ad
648 476 791 539 senatum
813 474 946 542 renire“.
995 475 1164 558 1111111ιι
1189 476 1302 561 pergit
1321 475 1400 556 ,im-

254 564 391 646 peratore
414 560 583 626 Christiani
605 559 638 624 in
661 577 748 626 arum
769 559 870 625 iurare
893 562 1068 644 11111111.α
1109 558 1169 626 Sed
1195 562 1399 645 gravioribus

254 649 316 714 iam
339 647 440 712 utitur
462 644 664 729 argumentis,
688 664 758 709 oum
781 644 873 722 dicet,
897 664 957 710 nou
980 665 1046 712 esse
1069 664 1136 710 eam
1160 647 1297 712 senatus
1319 647 1399 730 peti·

253 733 380 810 tionem,
416 734 468 797 sed
505 748 636 812 ,paucos
669 730 801 814 gentiles
830 731 986 796 communi
1019 731 1066 796 uti
1102 731 1267 812 uomine“,
1304 752 1397 815 quarn

254 819 405 886 rationem
429 815 605 881 mirabilem
626 816 706 880 certe
724 817 768 880 ita
782 817 902 898 probat,
927 821 962 882 ut
978 817 1093 896 narret,
1116 819 1192 883 aute
1217 818 1398 896 biennium,

254 903 417 970 cumidem
431 901 603 966 aGratiano
616 902 779 982 peteretur,
793 904 950 968 senatores
960 904 1113 968 Romanos
1121 903 1152 966 et
1168 904 1395 980 ,innumeros“

255 990 331 1053 alios
347 987 511 1072 epistolam
527 987 649 1052 misisse
665 989 704 1052 ad
718 987 888 1052 Damasum
912 989 1097 1069 episcopum,
1121 1007 1183 1070 qua
1200 1007 1235 1053 sa
1252 989 1338 1054 totos
1360 989 1399 1054 ab

255 1074 407 1138 eiusmodi
440 1072 589 1154 petitione
619 1073 782 1138 abhorrere
814 1072 1042 1156 profiterentur,
1077 1072 1291 1157 libellumque
1326 1093 1399 1140 eum

254 1180 273 1224 a
296 1159 394 1223 semet
415 1162 480 1242 ipso
504 1157 654 1223 Gratiano
678 1159 817 1223 oblatum
841 1177 916 1223 esse.
962 1157 1100 1240 Cumque
1128 1177 1221 1224 nemo
1246 1159 1314 1224 iarn
1338 1179 1399 1224 uon

255 1245 422 1328 quaereret,
446 1262 581 1328 quanam
597 1243 634 1306 de
651 1263 741 1308 causa
757 1248 914 1308 senatores
927 1242 986 1320 illi,
1003 1262 1062 1325 quo
1077 1245 1217 1325 tempore
1233 1244 1269 1310 in
1286 1245 1399 1310 senatu

256 1333 292 1398 da
316 1331 470 1414 legatione
494 1329 648 1394 mittenda
665 1327 822 1412 agebatur,
846 1347 907 1392 nou
924 1329 1014 1394 modo
1039 1329 1085 1394 nil
1101 1329 1398 1402 contradixissent.

256 1420 309 1483 sed
332 1417 459 1480 omnino
487 1433 525 1478 ne
553 1415 726 1479 adfuissent
749 1415 891 1496 quidem,
926 1433 991 1478 rem
1015 1415 1199 1498 argumento
1230 1416 1323 1481 brevi
1346 1416 1398 1481 sed

258 1503 355 1568 debili
376 1499 529 1582 praecidit
557 1500 607 1564 his
630 1519 704 1564 usus
729 1501 846 1565 verbis:
877 1499 974 1580 „satis
998 1499 1168 1581 loquuntur
1192 1501 1273 1582 quid
1299 1501 1399 1567 1111111

258 1588 312 1670 qui
336 1604 396 1649 uon
420 1585 638 1664 interfuerunt,
663 1587 740 1650 satis
763 1585 859 1652 locuti
882 1586 966 1662 sunt,
990 1585 1044 1668 qui
1065 1587 1148 1666 apud
1169 1586 1398 1669 imperatorem

258 1673 354 1738 locuti
376 1673 478 1736 sunt“.
524 1672 707 1752 Exemplum
735 1673 893 1737 relationis
915 1671 1025 1754 poscit,
1058 1673 1095 1734 ut
1117 1671 1243 1752 plenius
1267 1691 1397 1755 respon-

255 1758 337 1836 deat,
369 1778 439 1822 uam
465 1758 569 1820 utres
592 1757 698 1821 1111111
729 1756 861 1820 aliorum
889 1755 1003 1821 iudicio
1026 1754 1318 1836 committerentur,
1351 1758 1398 1822 ita

256 1863 380 1908 causam
403 1841 561 1924 religionis
584 1841 645 1906 sibi
674 1859 740 1906 esse
764 1841 1008 1924 relinquendam.
1053 1841 1095 1906 Et
1117 1841 1279 1922 dignitate
1303 1849 1396 1926 atque

254 1928 439 1992 auctoritate
454 1946 512 1992 sua
533 1929 619 1992 nisus
642 1927 870 2010 imperatorem,
893 1925 983 2010 quasi
998 1926 1119 1992 senatui
1142 1945 1266 1992 morem
1284 1947 1395 2013 gerens

257 2016 324 2096 ipse
347 2031 466 2094 quoque
482 2032 501 2077 a
515 2013 664 2096 religione
681 2013 850 2078 christiana
865 2011 1043 2078 defecturus
1066 2015 1156 2092 esset,
1179 2013 1395 2080 acerbissimis

255 2098 422 2180 compellat
443 2098 561 2163 verbis:
589 2098 726 2173 „bicebit
748 2095 1229 2175 111111111111111111111111111,
1256 2099 1396 2168 11111111

254 2203 315 2248 uon
338 2183 477 2247 invenies
501 2185 690 2249 sacerdotem
714 2186 769 2247 aut
797 2184 937 2248 invenies
966 2183 1172 2249 resistentem.
1220 2185 1395 2263 111111111-

254 2269 401 2351 poudobis
425 2269 575 2333 sacerdoti
592 2269 709 2334 dicenti
731 2267 812 2334 tibi:
836 2269 966 2333 Munera
988 2270 1044 2331 tua
1065 2286 1125 2333 nou
1148 2271 1275 2350 quaerit
1298 2269 1395 2336 11111-

254 2356 317 2432 sia,
352 2353 424 2435 quia
447 2353 564 2436 templa
586 2355 752 2437 gentilium
780 2353 962 2421 muneribus
985 2353 1161 2432 adornasti,
1196 2374 1251 2422 ara
1275 2353 1394 2422 Christi

258 2442 338 2505 dona
362 2442 415 2503 tua
437 2439 565 2521 respuit,
589 2442 734 2523 quoniam
759 2458 844 2506 aram
868 2438 1044 2505 simulacris
1067 2438 1179 2504 fecisti.
1216 2441 1287 2506 Vox
1310 2439 1394 2507 euim

256 2528 320 2600 tua,
343 2543 452 2588 manus
475 2528 530 2588 tua
552 2529 583 2588 et
607 2525 793 2608 subscriptio
821 2527 876 2590 tua
898 2543 974 2607 opus
997 2525 1045 2590 111
1067 2526 1177 2592 tuum:
1206 2527 1393 2608 obsequium

257 2613 348 2673 tuum
371 2609 514 2672 domiuus
538 2612 631 2676 Jesus
654 2613 777 2676 recusat
799 2614 830 2675 et
852 2611 986 2692 respuit,
1010 2609 1157 2692 quoniam
1184 2610 1280 2676 idolis
1305 2613 1392 2677 obse-

255 2696 344 2758 cutus
367 2713 407 2757 es.
433 2694 519 2758 Dixit
543 2695 625 2759 enim
650 2696 725 2760 tibi:
750 2696 819 2760 Non
835 2697 965 2777 potestis
982 2696 1099 2760 duobus
1115 2695 1251 2761 dominis
1267 2695 1391 2764 servire.

257 2778 430 2862 Privilegie
454 2783 509 2843 tua
531 2781 668 2846 11111111
691 2783 756 2846 Deo
779 2781 914 2864 virgines
943 2799 1003 2845 nou
1026 2780 1140 2846 habent
1168 2783 1200 2847 at
1222 2781 1393 2848 vendicant

159 2903 169 2910 -
255 2864 391 2946 virgines
408 2866 547 2930 vestrae!
573 2866 634 2930 Cur
655 2867 827 2931 sacerdotes
844 2865 902 2930 Dei
924 2866 1064 2949 requiris,
1089 2865 1200 2948 quibus
1222 2866 1391 2950 petitiones

254 2949 399 3031 profanas
411 2949 578 3031 gentilium
591 2951 779 3034 praetulisti.
801 2950 908 3016 Alieni
921 2951 1031 3016 erroris
1044 2952 1222 3018 societatem
1234 2953 1391 3036 suscipere

255 3055 315 3099 uon
338 3052 512 3116 possumus.
557 3036 638 3117 Quid
670 3036 865 3118 respondebis
893 3037 942 3101 his
964 3035 1087 3102 verbis:
1115 3055 1246 3118 puerum
1269 3040 1303 3103 te
1325 3054 1390 3102 esse

255 3123 408 3205 lapsum“.
454 3121 505 3198 At,
522 3123 633 3205 pergit,
657 3142 695 3186 ue
710 3122 871 3188 iuventute
890 3122 1013 3204 quidem
1030 3121 1129 3187 nimia
1144 3141 1215 3188 eum
1239 3121 1390 3198 excusari,

256 3225 329 3270 oum
352 3205 438 3289 pueri
463 3225 583 3290 quoque
606 3209 762 3291 intrepido
786 3225 838 3272 ore
860 3210 968 3273 contra
994 3209 1205 3289 persecutores
1228 3207 1390 3275 Christum

245 3294 358 3364 ¹essent
387 3292 525 3373 professi.
570 3293 611 3356 Et
633 3295 672 3358 ad
705 3295 798 3359 finem
820 3312 986 3377 properans
1016 3294 1049 3356 iu
1072 3291 1217 3359 Gratiani
1239 3292 1392 3360 memorie

255 3378 408 3456 subsistit,
431 3378 519 3459 quasi
535 3379 562 3442 11
578 3398 656 3461 quae
671 3382 797 3445 senatus
812 3379 974 3461 petivisset
989 3378 1165 3444 concederet
1180 3379 1287 3444 omnia
1301 3378 1389 3444 illius

257 3465 381 3527 decreta
404 3464 639 3547 abrogarentur,
674 3464 761 3546 isque
784 3483 819 3530 eo
842 3464 968 3530 vulnere
991 3483 1009 3529 a
1031 3464 1128 3530 fratre
1149 3463 1241 3529 illato
1263 3464 1388 3548 gravius

255 3567 347 3630 quam
371 3549 408 3612 ab
432 3549 497 3612 ullo
520 3550 608 3614 hoste
641 3549 823 3615 laederetur.
869 3550 919 3616 Ad
947 3552 1067 3635 patrem
1089 3567 1209 3631 quoque
1231 3549 1388 3631 provocat,

254 3652 346 3714 quern
369 3633 463 3698 etiam
485 3653 570 3698 aram
589 3635 746 3701 Victoriae
768 3635 860 3717 plane
882 3636 1078 3720 ignorantem
1098 3635 1240 3699 simulat.
1270 3635 1388 3719 „Nemo

255 3716 294 3784 ad
316 3736 366 3782 me
382 3717 506 3796 detulit,
529 3739 615 3784 aram
639 3740 703 3786 esse
726 3721 760 3785 iu
783 3720 842 3786 1111
857 3721 995 3786 Romana
1017 3720 1111 3798 curia,
1135 3738 1294 3802 nunquam
1318 3722 1388 3784 tan-

253 3805 321 3868 tum
345 3803 431 3866 nefas
455 3805 580 3881 credidi,
605 3806 684 3888 quod
708 3807 740 3871 in
764 3807 921 3872 communi
943 3806 998 3872 1111
1014 3805 1263 3872 Christianorum
1285 3804 1387 3890 genti·
1473 3819 1476 3826 ’

253 3889 391 3970 liumque
414 3889 542 3954 consilio
558 3891 767 3958 sacrificarent
782 3892 924 3978 gentiles,
949 3893 1005 3958 hoc
1021 3894 1076 3970 est,
1099 3890 1289 3955 insultarent
1310 3908 1386 3973 gen-

253 3974 324 4039 tiles
362 3977 573 4054 praesentibus
610 3976 795 4043 Christianis
834 3979 866 4042 et
901 3978 994 4044 inviti
1028 3975 1203 4041 Christiani
1239 3975 1388 4042 iuteresse

253 4057 412 4126 sacrificiis
436 4063 644 4144 cogerentur.“
682 4064 732 4128 Ad
747 4065 939 4145 postremum
962 4063 1077 4128 iterum
1099 4061 1317 4143 imperatorem
1332 4059 1387 4126 ad·

252 4146 408 4226 hortatur,
433 4147 469 4210 ut
490 4147 523 4211 id
546 4146 675 4227 faceret,
704 4150 803 4230 ,quod
825 4148 920 4213 saluti
943 4167 1017 4214 suae
1041 4147 1121 4230 apud
1144 4148 1246 4213 Deum
1268 4145 1388 4212 intelli·

253 4233 339 4314 geret
361 4231 587 4312 profuturum“.
948 4229 954 4239 '

353 4318 438 4382 Talis
462 4319 528 4382 1111
543 4316 702 4400 petitionis
718 4317 973 4400 Symmachiauae
988 4317 1135 4384 refutatio
1157 4317 1269 4401 prima,
1294 4331 1386 4400 quam

253 4403 438 4468 Ambrosius
456 4402 510 4468 ubi
533 4403 653 4485 primus
676 4403 763 4468 illius
787 4402 915 4468 nuntius
939 4404 1058 4470 allatus
1081 4407 1128 4470 est
1150 4402 1258 4470 statim
1282 4420 1387 4470 exara·
1417 4405 1424 4422 ⁸

255 4489 307 4555 111,
333 4488 384 4551 sed
400 4488 455 4569 ita,
481 4490 516 4554 ut
531 4487 757 4576 intelligamus,
778 4488 1039 4569 ratiocinationes,
1063 4490 1176 4574 quibus
1192 4485 1386 4555 aduersarius
1429 4561 1432 4566 Ι
