3108 5126
1248 355 1291 422 25

160 537 231 604 dem
262 557 458 624 progressum
491 539 708 619 necessarium,
740 558 795 620 per
826 558 917 622 quem
948 540 1079 606 meliora
1109 560 1228 620 semper
1255 542 1289 606 in
1361 598 1363 604 .

158 625 264 690 locum
296 627 435 709 priorum
458 625 670 703 succederent,
705 624 778 690 inde
812 624 907 689 etiam
934 625 1056 708 probari
1089 627 1175 703 dicit,
1209 627 1290 710 quod

158 710 292 774 Romani
316 710 390 793 ipsi,
420 729 480 775 uon
501 711 642 775 contenti
664 710 743 783 deis,
772 729 848 793 quos
876 710 993 791 primos
1015 713 1047 774 et
1072 713 1211 795 proprios
1234 714 1290 777 ha-

158 797 317 873 buissent,
348 796 481 860 aliarum
504 815 623 878 quoquc
644 796 786 878 gentium
814 796 944 859 numina
977 798 1170 878 recepissent.
1214 798 1291 862 Vic-

157 881 282 957 toriam,
303 899 398 964 quam
420 880 470 944 illi
490 883 579 946 deam
598 882 750 962 putarent,
772 899 887 944 munus
910 900 986 957 esse,
1011 884 1289 964 non'potcstatem,

157 965 267 1033 donari
289 985 373 1046 eam,
396 985 457 1030 non
480 966 642 1031 dominari.
679 964 774 1030 Cuius
797 984 849 1030 ara
871 966 899 1030 si
922 968 953 1029 in
977 968 1062 1031 curia
1083 970 1290 1051 reponeretur,

158 1052 321 1134 ingentem
336 1050 515 1116 christianis
539 1051 734 1116 senatoribus
757 1051 921 1115 imminere
941 1051 1099 1134 iniuriam,
1123 1073 1193 1116 cum
1217 1073 1291 1136 geu-

158 1137 241 1213 tiles,
265 1137 375 1217 quibus
397 1137 520 1218 plateae
535 1137 709 1202 simulacris
725 1138 855 1201 refertae
871 1155 932 1200 non
949 1137 1134 1215 sufficerent,
1158 1139 1192 1202 in
1207 1157 1291 1204 com-

159 1223 248 1288 muni
272 1241 392 1306 quoque
421 1221 550 1286 oonsilio
581 1241 775 1286 communem
806 1223 1013 1286 conditionem
1042 1229 1289 1305 aspernarentur.

158 1309 238 1372 Rem
260 1307 325 1372 iam
348 1307 386 1370 ad
408 1307 509 1388 ipsam
531 1307 725 1386 imperatoris
748 1307 841 1371 fidem
863 1308 1033 1390 pertinere,
1057 1309 1112 1390 qui
1133 1309 1216 1373 idem
1239 1328 1290 1374 co-

159 1393 256 1477 geret,
281 1411 359 1473 quae
373 1391 525 1456 iussisset.
570 1394 611 1457 ht
627 1395 771 1473 quoniam
788 1392 931 1457 Gratiani
953 1394 1132 1476 repentinus
1147 1394 1291 1459 interitus

160 1477 323 1544 nonnullis
357 1477 521 1542 videbatur
553 1478 638 1541 ortus
671 1497 689 1541 a
722 1479 847 1541 deorum
880 1479 1084 1561 negligentia,
1117 1499 1291 1562 perversam

157 1565 247 1646 hane
269 1561 539 1627 ratiocinationem
569 1563 686 1629 refellit
713 1563 842 1644 prolatis
869 1564 1002 1628 aliorum
1024 1565 1162 1628 virorum
1189 1585 1291 1629 exem-

157 1650 230 1731 plis,
265 1650 318 1729 qui
339 1647 480 1730 quamvis
503 1648 630 1712 deorum
663 1649 793 1712 numina
825 1646 947 1713 s'ummo
980 1649 1083 1713 studio
1113 1651 1291 1727 coluissent,

158 1739 264 1800 tamen
280 1734 422 1797 fortunae
435 1733 613 1814 repentinas
629 1734 661 1798 et
671 1734 792 1798 subitas
808 1733 1038 1798 vicissitudines
1050 1753 1112 1799 non
1127 1737 1290 1800 vitassent.
1387 1814 1391 1820 .

156 1818 358 1902 Pompeium,
393 1837 452 1901 quo
475 1819 643 1883 beatiorem
673 1819 830 1883 nemiuem
852 1837 990 1900 unquam
1012 1821 1152 1885 Romana
1173 1821 1293 1902 templa

156 1905 351 1978 habuissent,
386 1904 531 1985 spadonis
563 1923 660 1968 manu
695 1904 888 1980 occubuisse,
923 1903 1038 1986 Cyrum
1066 1907 1180 1970 misero
1203 1907 1292 1970 modo

156 1990 300 2074 periisse,
334 1989 558 2064 Hamilcarem,
593 1989 646 2072 qui
677 1990 743 2052 toto
766 1989 876 2070 proelii
898 1993 1036 2070 tempore
1065 1990 1292 2056 intermedias

156 2076 238 2141 acies
267 2073 450 2138 dimicantes
480 2074 628 2138 sacrificia
655 2074 792 2148 fecisset,
827 2074 953 2156 cognita
980 2093 1106 2139 suorum
1140 2075 1225 2140 clade
1259 2078 1291 2140 in

156 2162 244 2242 ipsos
267 2177 343 2240 quos
366 2160 507 2223 adolebat
534 2159 623 2242 ignes
647 2178 679 2223 se
700 2159 928 2241 praecipitasse,
962 2159 1127 2224 Julianum
1150 2162 1292 2242 denique,

157 2244 360 2327 haruspicum
393 2244 549 2326 responsis
577 2247 659 2310 male
692 2245 866 2320 credulum,
901 2244 1075 2309 revertendi
1108 2246 1292 2310 facultatem

157 2330 220 2396 sibi
242 2329 404 2394 ademisse.
450 2330 493 2394 At
514 2329 577 2392 iam
600 2330 639 2395 ad
661 2330 754 2394 finem
778 2331 904 2394 tendens
926 2332 1079 2394 asseverat
1101 2329 1291 2407 Ambrosius,

156 2415 383 2482 lacessentibus
406 2433 438 2478 se
460 2417 621 2497 tamquam
650 2433 711 2479 non
733 2415 911 2478 lacessitum
934 2415 1140 2496 respondisse,
1165 2415 1293 2480 relatio·

157 2522 230 2566 nem
252 2499 411 2577 refellisse,
445 2509 507 2564 non
529 2500 782 2581 superst'tionem
814 2499 1000 2581 exposuisse.
1044 2501 1204 2565 Portremo
1231 2500 1293 2564 im·

156 2587 332 2672 potatorem
354 2584 513 2664 admouet,
537 2586 574 2649 ut
596 2603 666 2649 cum
688 2583 806 2667 priores
828 2584 985 2667 principes
1015 2586 1140 2666 patrum
1163 2586 1293 2650 cedmo-

158 2673 227 2737 nias
243 2669 421 2746 coluissent,
444 2669 629 2734 recentiores
644 2689 707 2734 nou
722 2670 922 2746 amovissent,
945 2670 1012 2752 ipse
1026 2671 1196 2753 gentilium
1211 2670 1292 2735 ritus

158 2777 220 2821 nou
242 2755 334 2819 modo
355 2773 417 2818 non
439 2760 628 2838 sequeretur,
652 2755 706 2820 sed
728 2755 834 2818 fratris
857 2756 976 2818 statuta
999 2760 1145 2820 servaret.

260 2839 438 2922 Symmachi
465 2840 575 2905 relatio
603 2859 674 2904 cum
706 2840 739 2902 in
768 2840 951 2904 consistorio
983 2840 1132 2922 principis
1165 2842 1294 2906 recitata

157 2925 215 3000 est,
239 2924 380 2988 omnium
403 2924 524 2989 animos
547 2925 622 2990 adeo
638 2925 815 3000 commovit,
839 2926 876 2988 ut
897 2943 960 2989 uua
983 2944 1054 2990 voce
1078 2926 1105 2989 ei
1121 2928 1292 3008 obsequen·

157 3011 233 3107 dum
257 3028 322 3074 esse
345 3009 587 3107 clamitantur..
612 3009 671 3074 Sed
694 3009 881 3074 conharium
905 3012 1030 3092 evenit3
1053 3030 1127 3108 nam
1150 3013 1291 3076 Valenti·

156 3113 279 3245 ccc
296 3095 970 3262 hisschbata,thorstttttt
992 3113 1293 3245 euarestus

157 3284 223 3329 rem
245 3264 286 3328 ad
300 3266 432 3328 matrem
448 3266 479 3328 et
494 3265 696 3330 Ambrosium
718 3265 842 3331 detulit.
867 3265 985 3344 Quibus
1007 3265 1186 3330 auctoribus
1202 3284 1292 3329 nemo

157 3348 325 3414 mirabitur
351 3351 471 3414 factum'
498 3370 580 3428 esse,
604 3352 641 3414 ut
668 3352 793 3414 senatus
822 3351 955 3416 Romani
983 3349 1093 3432 petitio
1121 3370 1174 3431 per
1201 3349 1292 3433 Sym-

157 3434 302 3498 machum
331 3436 450 3514 prolata
478 3436 653 3500 reiceretur.
700 3435 767 3514 Qua
792 3436 829 3498 dc
851 3454 883 3498 re
905 3435 1038 3499 videnda
1066 3434 1114 3498 est
1135 3434 1293 3500 Ambrosii

158 3537 229 3582 cum
252 3537 299 3600 ep.
321 3519 373 3594 57,
397 3521 426 3594 3,
450 3522 518 3585 tum
541 3521 615 3584 obit.
640 3520 710 3583 Vcl.
736 3521 791 3584 19:
825 3521 884 3597 ,ut
907 3539 978 3583 cum
1002 3519 1154 3596 universi,
1183 3519 1236 3601 qui
1259 3519 1293 3582 in

158 3604 340 3669 consistorio
362 3604 506 3682 aderant,
536 3605 699 3670 christiani
721 3606 839 3685 pariter
865 3607 957 3686 atque
984 3605 1120 3687 gentiles
1155 3604 1293 3670 dicerent

158 3708 225 3752 esse
246 3687 415 3763 reddenda,
445 3693 529 3754 solus
562 3691 649 3754 uelut
677 3690 790 3753 Daniel
824 3689 957 3754 excitato
985 3691 1019 3754 in
1042 3709 1074 3754 se
1097 3689 1156 3754 Dei
1178 3690 1292 3772 spiritu

158 3773 308 3856 arguebat
323 3773 469 3854 perfidiae
484 3774 683 3849 Christianos,
707 3775 878 3856 gentilibus
901 3776 1047 3840 obviabat
1070 3775 1189 3840 dicens:
1212 3775 1294 3857 quod

157 3859 228 3942 pius
259 3858 355 3922 frater
387 3861 515 3941 eripuit,
551 3859 702 3941 quomodo
730 3877 821 3923 ame
843 3861 960 3940 putatis
994 3879 1060 3924 esse
1082 3860 1293 3926 reddendum?

158 3963 230 4009 oum
252 3943 293 4040 in·
310 3962 344 4008 eo
367 3944 398 4008 et
420 3945 531 4028 religio
546 3945 688 4009 laedatur
709 3947 740 4008 et
757 3945 861 4022 frater,
884 3962 903 4008 a
925 3964 985 4027 quo
1008 3965 1040 4010 se
1056 3946 1157 4009 nollet
1177 3946 1293 4026 pietate

157 4033 324 4110 superan.“

259 4115 368 4178 Talem
382 4113 495 4178 habuit
510 4114 628 4178 exitum
639 4114 749 4195 petitio
761 4115 885 4177 senatus
896 4114 1029 4178 Romani
1039 4113 1127 4177 iussu
1142 4132 1293 4177 asummo

159 4197 248 4262 illius
275 4199 386 4262 aetatis
414 4200 533 4263 oratore
561 4187 677 4262 habita.
723 4199 782 4264 Sed
812 4217 1001 4281 quamquam
1030 4198 1085 4261 ille
1114 4217 1236 4278 operam
1260 4198 1292 4262 et

158 4282 275 4366 oleum,
304 4285 340 4347 ut
370 4283 492 4358 dicunt,
526 4284 617 4364 plano
645 4283 793 4368 perdidit,
823 4284 982 4366 ingentem
1008 4285 1114 4347 tamen
1144 4283 1293 4348 excitavit

158 4368 1021 4519 orttabastitit}tatlrtttthtt
1035 4368 1291 4518 thusdrit?

158 4537 210 4617 qui
233 4537 412 4621 Symmachi
435 4541 618 4622 argumenta
646 4538 709 4604 suis
737 4538 911 4602 rationibus
934 4537 1128 4618 refellerent,
1158 4556 1289 4622 quorum
1385 4617 1390 4620 ,
