<?xml version="1.0" encoding="UTF-8"?>
<!DOCTYPE html PUBLIC "-//W3C//DTD XHTML 1.0 Transitional//EN"
    "http://www.w3.org/TR/xhtml1/DTD/xhtml1-transitional.dtd">
<html xmlns="http://www.w3.org/1999/xhtml" xml:lang="en" lang="en">
 <head>
  <title>
</title>
<meta http-equiv="Content-Type" content="text/html;charset=utf-8" />
  <meta name='ocr-system' content='tesseract 3.04.00' />
  <meta name='ocr-capabilities' content='ocr_page ocr_carea ocr_par ocr_line ocrx_word'/>
</head>
<body>
  <div class='ocr_page' id='page_1' title='image "./quaestionessymm00koregoog_0025.png"; bbox 0 0 3108 5126; ppageno 0'>
   <div class='ocr_carea' id='block_1_1' title="bbox 219 381 260 444">
    <p class='ocr_par' dir='ltr' id='par_1_1' title="bbox 219 381 260 444">
     <span class='ocr_line' id='line_1_1' title="bbox 219 381 260 444; baseline 0 0"><span class='ocrx_word' id='word_1_1' title='bbox 219 381 260 444; x_wconf 88' lang='grc'><strong>18</strong></span> 
     </span>
    </p>
   </div>
   <div class='ocr_carea' id='block_1_2' title="bbox 219 563 1351 988">
    <p class='ocr_par' dir='ltr' id='par_1_2' title="bbox 219 563 1351 988">
     <span class='ocr_line' id='line_1_2' title="bbox 322 563 1349 648; baseline 0 -18"><span class='ocrx_word' id='word_1_2' title='bbox 322 567 360 630; x_wconf 85' lang='grc' dir='ltr'><strong>Α.</strong></span> <span class='ocrx_word' id='word_1_3' title='bbox 385 565 458 632; x_wconf 88' lang='grc'><strong>384.</strong></span> <span class='ocrx_word' id='word_1_4' title='bbox 485 563 689 648; x_wconf 78' lang='lat' dir='ltr'><strong>Symmachus</strong></span> <span class='ocrx_word' id='word_1_5' title='bbox 710 563 749 628; x_wconf 93' lang='lat' dir='ltr'><strong>ad</strong></span> <span class='ocrx_word' id='word_1_6' title='bbox 771 563 959 648; x_wconf 89' lang='lat' dir='ltr'><strong>dignitatem</strong></span> <span class='ocrx_word' id='word_1_7' title='bbox 981 563 1192 646; x_wconf 67' lang='lat' dir='ltr'><strong>praefecturae</strong></span> <span class='ocrx_word' id='word_1_8' title='bbox 1214 567 1349 630; x_wconf 91' lang='lat' dir='ltr'><strong>urbanae</strong></span> 
     </span>
     <span class='ocr_line' id='line_1_3' title="bbox 220 649 1351 733; baseline 0.001 -18"><span class='ocrx_word' id='word_1_9' title='bbox 220 653 411 733; x_wconf 88' lang='lat' dir='ltr'><strong>pervenerat,</strong></span> <span class='ocrx_word' id='word_1_10' title='bbox 436 650 605 715; x_wconf 73' lang='lat' dir='ltr'><strong>Gratianus</strong></span> <span class='ocrx_word' id='word_1_11' title='bbox 627 649 756 726; x_wconf 88' lang='lat' dir='ltr'><strong>obierat,</strong></span> <span class='ocrx_word' id='word_1_12' title='bbox 779 649 944 732; x_wconf 89' lang='lat' dir='ltr'><strong>imperium</strong></span> <span class='ocrx_word' id='word_1_13' title='bbox 968 649 1206 716; x_wconf 79' lang='lat' dir='ltr'><strong>Valentinianus</strong></span> <span class='ocrx_word' id='word_1_14' title='bbox 1230 653 1272 717; x_wconf 94' lang='grc' dir='ltr'><strong>ΙΙ.</strong></span> <span class='ocrx_word' id='word_1_15' title='bbox 1297 652 1351 716; x_wconf 90' lang='lat' dir='ltr'><strong>ob·</strong></span> 
     </span>
     <span class='ocr_line' id='line_1_4' title="bbox 220 732 1350 820; baseline -0.001 -20"><span class='ocrx_word' id='word_1_16' title='bbox 220 737 374 814; x_wconf 88' lang='lat' dir='ltr'><strong>tinuerat,</strong></span> <span class='ocrx_word' id='word_1_17' title='bbox 414 735 580 799; x_wconf 86' lang='lat' dir='ltr'><strong>admodum</strong></span> <span class='ocrx_word' id='word_1_18' title='bbox 620 733 715 798; x_wconf 90' lang='lat' dir='ltr'><strong>etiarn</strong></span> <span class='ocrx_word' id='word_1_19' title='bbox 753 732 885 799; x_wconf 85' lang='lat' dir='ltr'><strong>iuuenis.</strong></span> <span class='ocrx_word' id='word_1_20' title='bbox 938 735 1007 800; x_wconf 88' lang='lat' dir='ltr'><strong>Iam</strong></span> <span class='ocrx_word' id='word_1_21' title='bbox 1045 735 1206 802; x_wconf 85' lang='lat' dir='ltr'><strong>videbatur</strong></span> <span class='ocrx_word' id='word_1_22' title='bbox 1240 736 1350 820; x_wconf 90' lang='lat' dir='ltr'><strong>petitio</strong></span> 
     </span>
     <span class='ocr_line' id='line_1_5' title="bbox 219 817 1350 907; baseline 0.002 -23"><span class='ocrx_word' id='word_1_23' title='bbox 219 822 377 897; x_wconf 89' lang='lat' dir='ltr'><strong>iteranda,</strong></span> <span class='ocrx_word' id='word_1_24' title='bbox 409 839 508 900; x_wconf 91' lang='lat' dir='ltr'><strong>neque</strong></span> <span class='ocrx_word' id='word_1_25' title='bbox 531 838 601 884; x_wconf 89' lang='lat' dir='ltr'><strong>vero</strong></span> <span class='ocrx_word' id='word_1_26' title='bbox 625 817 740 904; x_wconf 87' lang='lat' dir='ltr'><strong>legatio</strong></span> <span class='ocrx_word' id='word_1_27' title='bbox 763 820 932 902; x_wconf 90' lang='lat' dir='ltr'><strong>mittenda,</strong></span> <span class='ocrx_word' id='word_1_28' title='bbox 963 839 1041 902; x_wconf 91' lang='lat' dir='ltr'><strong>quae</strong></span> <span class='ocrx_word' id='word_1_29' title='bbox 1063 837 1164 886; x_wconf 89' lang='lat' dir='ltr'><strong>coram</strong></span> <span class='ocrx_word' id='word_1_30' title='bbox 1188 823 1261 907; x_wconf 94' lang='lat' dir='ltr'><strong>quid</strong></span> <span class='ocrx_word' id='word_1_31' title='bbox 1286 822 1350 888; x_wconf 88' lang='lat' dir='ltr'><strong>vel-</strong></span> 
     </span>
     <span class='ocr_line' id='line_1_6' title="bbox 220 904 1350 988; baseline 0.004 -20"><span class='ocrx_word' id='word_1_32' title='bbox 220 907 285 970; x_wconf 89' lang='lat' dir='ltr'><strong>lent</strong></span> <span class='ocrx_word' id='word_1_33' title='bbox 307 906 487 988; x_wconf 85' lang='lat' dir='ltr'><strong>imperatori</strong></span> <span class='ocrx_word' id='word_1_34' title='bbox 510 907 682 986; x_wconf 83' lang='lat' dir='ltr'><strong>exponeret,</strong></span> <span class='ocrx_word' id='word_1_35' title='bbox 706 905 760 969; x_wconf 90' lang='lat' dir='ltr'><strong>sed</strong></span> <span class='ocrx_word' id='word_1_36' title='bbox 782 904 967 988; x_wconf 83' lang='lat' dir='ltr'><strong>Symmacho</strong></span> <span class='ocrx_word' id='word_1_37' title='bbox 989 905 1150 988; x_wconf 77' lang='lat' dir='ltr'><strong>negotium</strong></span> <span class='ocrx_word' id='word_1_38' title='bbox 1173 907 1280 972; x_wconf 89' lang='lat' dir='ltr'><strong>datum</strong></span> <span class='ocrx_word' id='word_1_39' title='bbox 1304 907 1350 972; x_wconf 89' lang='lat' dir='ltr'><strong>est</strong></span> 
     </span>
    </p>
   </div>
   <div class='ocr_carea' id='block_1_3' title="bbox 219 989 1474 1077">
    <p class='ocr_par' dir='ltr' id='par_1_3' title="bbox 219 989 1474 1077">
     <span class='ocr_line' id='line_1_7' title="bbox 219 989 1474 1077; baseline 0.001 -22"><span class='ocrx_word' id='word_1_40' title='bbox 219 991 396 1055; x_wconf 86' lang='lat' dir='ltr'><strong>scribendae</strong></span> <span class='ocrx_word' id='word_1_41' title='bbox 418 990 592 1072; x_wconf 90' lang='lat' dir='ltr'><strong>petitionis,</strong></span> <span class='ocrx_word' id='word_1_42' title='bbox 622 1008 700 1072; x_wconf 92' lang='lat' dir='ltr'><strong>quae</strong></span> <span class='ocrx_word' id='word_1_43' title='bbox 724 992 763 1054; x_wconf 86' lang='lat' dir='ltr'><strong>ad</strong></span> <span class='ocrx_word' id='word_1_44' title='bbox 786 992 890 1056; x_wconf 89' lang='lat' dir='ltr'><strong>aulam</strong></span> <span class='ocrx_word' id='word_1_45' title='bbox 913 989 1131 1055; x_wconf 73' lang='lat' dir='ltr'><strong>Valentiniani</strong></span> <span class='ocrx_word' id='word_1_46' title='bbox 1153 1012 1208 1076; x_wconf 91' lang='lat' dir='ltr'><strong>per</strong></span> <span class='ocrx_word' id='word_1_47' title='bbox 1229 992 1350 1077; x_wconf 87' lang='lat' dir='ltr'><strong>legatos</strong></span> <span class='ocrx_word' id='word_1_48' title='bbox 1470 1015 1474 1022; x_wconf 94' lang='lat'>·</span> 
     </span>
    </p>
   </div>
   <div class='ocr_carea' id='block_1_4' title="bbox 217 1074 1351 4493">
    <p class='ocr_par' dir='ltr' id='par_1_4' title="bbox 218 1074 1351 2947">
     <span class='ocr_line' id='line_1_8' title="bbox 219 1074 1350 1163; baseline 0 -23"><span class='ocrx_word' id='word_1_49' title='bbox 219 1077 390 1141; x_wconf 87' lang='lat' dir='ltr'><strong>deferretur</strong></span> <span class='ocrx_word' id='word_1_50' title='bbox 411 1074 570 1159; x_wconf 89' lang='lat' dir='ltr'><strong>(Amhrcs.</strong></span> <span class='ocrx_word' id='word_1_51' title='bbox 594 1076 667 1140; x_wconf 89' lang='lat' dir='ltr'><strong>obit.</strong></span> <span class='ocrx_word' id='word_1_52' title='bbox 681 1075 753 1139; x_wconf 79' lang='lat' dir='ltr'><strong>Val:</strong></span> <span class='ocrx_word' id='word_1_53' title='bbox 779 1077 841 1154; x_wconf 89' lang='grc'>19).</span> <span class='ocrx_word' id='word_1_54' title='bbox 867 1075 1169 1163; x_wconf 24' lang='lat' dir='ltr'><strong>Enxceleberrimam</strong></span> <span class='ocrx_word' id='word_1_55' title='bbox 1191 1078 1280 1142; x_wconf 91' lang='lat' dir='ltr'><strong>illam</strong></span> <span class='ocrx_word' id='word_1_56' title='bbox 1303 1095 1350 1140; x_wconf 92' lang='lat' dir='ltr'><strong>re·</strong></span> 
     </span>
     <span class='ocr_line' id='line_1_9' title="bbox 218 1159 1351 1243; baseline 0.001 -19"><span class='ocrx_word' id='word_1_57' title='bbox 218 1160 367 1226; x_wconf 89' lang='lat' dir='ltr'><strong>lationem</strong></span> <span class='ocrx_word' id='word_1_58' title='bbox 389 1177 443 1242; x_wconf 92' lang='lat' dir='ltr'><strong>pro</strong></span> <span class='ocrx_word' id='word_1_59' title='bbox 467 1179 521 1224; x_wconf 91' lang='lat' dir='ltr'><strong>ara</strong></span> <span class='ocrx_word' id='word_1_60' title='bbox 543 1159 715 1237; x_wconf 87' lang='lat' dir='ltr'><strong>Victoriae,</strong></span> <span class='ocrx_word' id='word_1_61' title='bbox 740 1177 818 1242; x_wconf 89' lang='lat' dir='ltr'><strong>quae</strong></span> <span class='ocrx_word' id='word_1_62' title='bbox 840 1179 996 1225; x_wconf 90' lang='lat' dir='ltr'><strong>summam</strong></span> <span class='ocrx_word' id='word_1_63' title='bbox 1020 1161 1101 1243; x_wconf 92' lang='lat' dir='ltr'><strong>apud</strong></span> <span class='ocrx_word' id='word_1_64' title='bbox 1124 1180 1228 1228; x_wconf 90' lang='lat' dir='ltr'><strong>omnes</strong></span> <span class='ocrx_word' id='word_1_65' title='bbox 1251 1162 1351 1228; x_wconf 87' lang='lat' dir='ltr'><strong>movit</strong></span> 
     </span>
     <span class='ocr_line' id='line_1_10' title="bbox 219 1245 1350 1328; baseline 0 -17"><span class='ocrx_word' id='word_1_66' title='bbox 219 1246 471 1328; x_wconf 83' lang='lat' dir='ltr'><strong>expectationem,</strong></span> <span class='ocrx_word' id='word_1_67' title='bbox 496 1247 624 1310; x_wconf 90' lang='lat' dir='ltr'><strong>deorum</strong></span> <span class='ocrx_word' id='word_1_68' title='bbox 648 1245 820 1310; x_wconf 87' lang='lat' dir='ltr'><strong>cultoribus</strong></span> <span class='ocrx_word' id='word_1_69' title='bbox 844 1246 962 1310; x_wconf 89' lang='lat' dir='ltr'><strong>animos</strong></span> <span class='ocrx_word' id='word_1_70' title='bbox 984 1245 1119 1310; x_wconf 87' lang='lat' dir='ltr'><strong>iacentes</strong></span> <span class='ocrx_word' id='word_1_71' title='bbox 1143 1247 1205 1312; x_wconf 91' lang='lat' dir='ltr'><strong>iam</strong></span> <span class='ocrx_word' id='word_1_72' title='bbox 1230 1248 1261 1312; x_wconf 93' lang='lat' dir='ltr'><strong>et</strong></span> <span class='ocrx_word' id='word_1_73' title='bbox 1283 1265 1350 1311; x_wconf 92' lang='lat' dir='ltr'><strong>om·</strong></span> 
     </span>
     <span class='ocr_line' id='line_1_11' title="bbox 218 1329 1350 1414; baseline 0.001 -19"><span class='ocrx_word' id='word_1_74' title='bbox 218 1333 309 1396; x_wconf 89' lang='lat' dir='ltr'><strong>nibus</strong></span> <span class='ocrx_word' id='word_1_75' title='bbox 333 1333 369 1396; x_wconf 93' lang='lat' dir='ltr'><strong>de</strong></span> <span class='ocrx_word' id='word_1_76' title='bbox 392 1331 483 1396; x_wconf 88' lang='lat' dir='ltr'><strong>rebus</strong></span> <span class='ocrx_word' id='word_1_77' title='bbox 506 1330 704 1414; x_wconf 80' lang='lat' dir='ltr'><strong>desperantes</strong></span> <span class='ocrx_word' id='word_1_78' title='bbox 728 1330 890 1410; x_wconf 82' lang='lat' dir='ltr'><strong>excitavit,</strong></span> <span class='ocrx_word' id='word_1_79' title='bbox 915 1332 1081 1414; x_wconf 89' lang='lat' dir='ltr'><strong>eademqne</strong></span> <span class='ocrx_word' id='word_1_80' title='bbox 1102 1329 1350 1398; x_wconf 83' lang='lat' dir='ltr'><strong>Christianorum</strong></span> 
     </span>
     <span class='ocr_line' id='line_1_12' title="bbox 219 1414 1349 1499; baseline -0.001 -18"><span class='ocrx_word' id='word_1_81' title='bbox 219 1418 370 1499; x_wconf 90' lang='lat' dir='ltr'><strong>impetum</strong></span> <span class='ocrx_word' id='word_1_82' title='bbox 400 1417 613 1480; x_wconf 82' lang='lat' dir='ltr'><strong>uehementius</strong></span> <span class='ocrx_word' id='word_1_83' title='bbox 642 1414 789 1480; x_wconf 87' lang='lat' dir='ltr'><strong>inflatum</strong></span> <span class='ocrx_word' id='word_1_84' title='bbox 818 1417 963 1480; x_wconf 89' lang='lat' dir='ltr'><strong>sedatura</strong></span> <span class='ocrx_word' id='word_1_85' title='bbox 992 1416 1171 1497; x_wconf 83' lang='lat' dir='ltr'><strong>videbatur,</strong></span> <span class='ocrx_word' id='word_1_86' title='bbox 1201 1418 1349 1482; x_wconf 89' lang='lat' dir='ltr'><strong>ultimum</strong></span> 
     </span>
     <span class='ocr_line' id='line_1_13' title="bbox 218 1501 1348 1584; baseline 0.001 -19"><span class='ocrx_word' id='word_1_87' title='bbox 218 1502 281 1566; x_wconf 83' lang='lat' dir='ltr'><strong>fere</strong></span> <span class='ocrx_word' id='word_1_88' title='bbox 303 1501 488 1584; x_wconf 85' lang='lat' dir='ltr'><strong>exspirantis</strong></span> <span class='ocrx_word' id='word_1_89' title='bbox 517 1501 651 1565; x_wconf 88' lang='lat' dir='ltr'><strong>Romani</strong></span> <span class='ocrx_word' id='word_1_90' title='bbox 682 1501 816 1565; x_wconf 88' lang='lat' dir='ltr'><strong>nominis</strong></span> <span class='ocrx_word' id='word_1_91' title='bbox 846 1502 1078 1579; x_wconf 83' lang='lat' dir='ltr'><strong>documentum,</strong></span> <span class='ocrx_word' id='word_1_92' title='bbox 1114 1501 1239 1568; x_wconf 90' lang='lat' dir='ltr'><strong>libellus</strong></span> <span class='ocrx_word' id='word_1_93' title='bbox 1267 1503 1348 1566; x_wconf 90' lang='lat' dir='ltr'><strong>cele-</strong></span> 
     </span>
     <span class='ocr_line' id='line_1_14' title="bbox 219 1586 1350 1653; baseline -0.001 -2"><span class='ocrx_word' id='word_1_94' title='bbox 219 1588 369 1651; x_wconf 90' lang='lat' dir='ltr'><strong>berrimus</strong></span> <span class='ocrx_word' id='word_1_95' title='bbox 409 1587 567 1651; x_wconf 92' lang='lat' dir='ltr'><strong>communi</strong></span> <span class='ocrx_word' id='word_1_96' title='bbox 605 1586 744 1650; x_wconf 92' lang='lat' dir='ltr'><strong>omnium</strong></span> <span class='ocrx_word' id='word_1_97' title='bbox 785 1587 882 1650; x_wconf 88' lang='lat' dir='ltr'><strong>etiam</strong></span> <span class='ocrx_word' id='word_1_98' title='bbox 916 1586 1161 1652; x_wconf 88' lang='lat' dir='ltr'><strong>adversariorum</strong></span> <span class='ocrx_word' id='word_1_99' title='bbox 1200 1605 1350 1653; x_wconf 87' lang='lat' dir='ltr'><strong>consensu</strong></span> 
     </span>
     <span class='ocr_line' id='line_1_15' title="bbox 218 1671 1349 1758; baseline 0.001 -23"><span class='ocrx_word' id='word_1_100' title='bbox 218 1674 344 1756; x_wconf 89' lang='lat' dir='ltr'><strong>propter</strong></span> <span class='ocrx_word' id='word_1_101' title='bbox 364 1671 492 1755; x_wconf 85' lang='lat' dir='ltr'><strong>linguae</strong></span> <span class='ocrx_word' id='word_1_102' title='bbox 514 1673 705 1756; x_wconf 82' lang='lat' dir='ltr'><strong>singularem</strong></span> <span class='ocrx_word' id='word_1_103' title='bbox 728 1671 907 1735; x_wconf 83' lang='lat' dir='ltr'><strong>facundiam</strong></span> <span class='ocrx_word' id='word_1_104' title='bbox 929 1672 961 1735; x_wconf 92' lang='lat' dir='ltr'><strong>et</strong></span> <span class='ocrx_word' id='word_1_105' title='bbox 974 1672 1129 1756; x_wconf 87' lang='lat' dir='ltr'><strong>insignem</strong></span> <span class='ocrx_word' id='word_1_106' title='bbox 1152 1672 1349 1758; x_wconf 87' lang='lat' dir='ltr'><strong>elegantiam,</strong></span> 
     </span>
     <span class='ocr_line' id='line_1_16' title="bbox 219 1755 1350 1842; baseline -0.001 -20"><span class='ocrx_word' id='word_1_107' title='bbox 219 1758 473 1842; x_wconf 88' lang='lat' dir='ltr'><strong>argumentorum</strong></span> <span class='ocrx_word' id='word_1_108' title='bbox 502 1757 691 1839; x_wconf 90' lang='lat' dir='ltr'><strong>gravitatem</strong></span> <span class='ocrx_word' id='word_1_109' title='bbox 720 1758 751 1822; x_wconf 87' lang='lat' dir='ltr'><strong>et</strong></span> <span class='ocrx_word' id='word_1_110' title='bbox 778 1755 985 1820; x_wconf 88' lang='lat' dir='ltr'><strong>ratiocinandi</strong></span> <span class='ocrx_word' id='word_1_111' title='bbox 1012 1759 1187 1822; x_wconf 87' lang='lat' dir='ltr'><strong>accuratam</strong></span> <span class='ocrx_word' id='word_1_112' title='bbox 1216 1757 1350 1842; x_wconf 87' lang='lat' dir='ltr'><strong>diligen·</strong></span> 
     </span>
     <span class='ocr_line' id='line_1_17' title="bbox 218 1841 1351 1926; baseline -0.001 -19"><span class='ocrx_word' id='word_1_113' title='bbox 218 1845 306 1920; x_wconf 92' lang='lat' dir='ltr'><strong>tiam,</strong></span> <span class='ocrx_word' id='word_1_114' title='bbox 331 1843 516 1906; x_wconf 89' lang='lat' dir='ltr'><strong>nobilitatus</strong></span> <span class='ocrx_word' id='word_1_115' title='bbox 540 1841 636 1921; x_wconf 89' lang='lat' dir='ltr'><strong>etiam</strong></span> <span class='ocrx_word' id='word_1_116' title='bbox 659 1841 868 1926; x_wconf 81' lang='lat' dir='ltr'><strong>exscriptoris</strong></span> <span class='ocrx_word' id='word_1_117' title='bbox 884 1844 1019 1926; x_wconf 88' lang='lat' dir='ltr'><strong>ingenua</strong></span> <span class='ocrx_word' id='word_1_118' title='bbox 1035 1842 1203 1922; x_wconf 87' lang='lat' dir='ltr'><strong>honestate,</strong></span> <span class='ocrx_word' id='word_1_119' title='bbox 1227 1861 1351 1907; x_wconf 90' lang='lat' dir='ltr'><strong>summa</strong></span> 
     </span>
     <span class='ocr_line' id='line_1_18' title="bbox 218 1925 1350 2011; baseline -0.001 -19"><span class='ocrx_word' id='word_1_120' title='bbox 218 1947 339 1992; x_wconf 87' lang='lat' dir='ltr'><strong>morum</strong></span> <span class='ocrx_word' id='word_1_121' title='bbox 361 1927 558 2011; x_wconf 87' lang='lat' dir='ltr'><strong>integritate,</strong></span> <span class='ocrx_word' id='word_1_122' title='bbox 589 1926 701 1992; x_wconf 82' lang='lat' dir='ltr'><strong>eximio</strong></span> <span class='ocrx_word' id='word_1_123' title='bbox 724 1927 842 2010; x_wconf 89' lang='lat' dir='ltr'><strong>patriae</strong></span> <span class='ocrx_word' id='word_1_124' title='bbox 865 1929 895 1992; x_wconf 91' lang='lat' dir='ltr'><strong>et</strong></span> <span class='ocrx_word' id='word_1_125' title='bbox 918 1925 1116 2011; x_wconf 89' lang='lat' dir='ltr'><strong>antiquitatis</strong></span> <span class='ocrx_word' id='word_1_126' title='bbox 1138 1928 1258 2006; x_wconf 92' lang='lat' dir='ltr'><strong>studio,</strong></span> <span class='ocrx_word' id='word_1_127' title='bbox 1287 1927 1350 1992; x_wconf 91' lang='lat' dir='ltr'><strong>elo-</strong></span> 
     </span>
     <span class='ocr_line' id='line_1_19' title="bbox 218 2011 1349 2097; baseline 0 -20"><span class='ocrx_word' id='word_1_128' title='bbox 218 2013 360 2094; x_wconf 88' lang='lat' dir='ltr'><strong>quentiae</strong></span> <span class='ocrx_word' id='word_1_129' title='bbox 383 2013 474 2076; x_wconf 91' lang='lat' dir='ltr'><strong>laude</strong></span> <span class='ocrx_word' id='word_1_130' title='bbox 496 2013 581 2076; x_wconf 89' lang='lat' dir='ltr'><strong>fama</strong></span> <span class='ocrx_word' id='word_1_131' title='bbox 602 2013 731 2076; x_wconf 87' lang='lat' dir='ltr'><strong>illustri.</strong></span> <span class='ocrx_word' id='word_1_132' title='bbox 761 2011 950 2076; x_wconf 75' lang='lat' dir='ltr'><strong>Etiamnunc</strong></span> <span class='ocrx_word' id='word_1_133' title='bbox 973 2017 1024 2077; x_wconf 82' lang='lat' dir='ltr'><strong>vin</strong></span> <span class='ocrx_word' id='word_1_134' title='bbox 1047 2012 1116 2091; x_wconf 91' lang='lat' dir='ltr'><strong>erit,</strong></span> <span class='ocrx_word' id='word_1_135' title='bbox 1141 2014 1193 2097; x_wconf 90' lang='lat' dir='ltr'><strong>qui</strong></span> <span class='ocrx_word' id='word_1_136' title='bbox 1216 2012 1349 2097; x_wconf 87' lang='lat' dir='ltr'><strong>pagellis</strong></span> 
     </span>
     <span class='ocr_line' id='line_1_20' title="bbox 220 2097 1349 2180; baseline 0 -19"><span class='ocrx_word' id='word_1_137' title='bbox 220 2099 290 2162; x_wconf 90' lang='lat' dir='ltr'><strong>istis</strong></span> <span class='ocrx_word' id='word_1_138' title='bbox 319 2097 463 2180; x_wconf 88' lang='lat' dir='ltr'><strong>perlectis</strong></span> <span class='ocrx_word' id='word_1_139' title='bbox 491 2117 552 2163; x_wconf 91' lang='lat' dir='ltr'><strong>nou</strong></span> <span class='ocrx_word' id='word_1_140' title='bbox 580 2099 822 2175; x_wconf 87' lang='lat' dir='ltr'><strong>commoveatur,</strong></span> <span class='ocrx_word' id='word_1_141' title='bbox 857 2115 928 2161; x_wconf 90' lang='lat' dir='ltr'><strong>cum</strong></span> <span class='ocrx_word' id='word_1_142' title='bbox 958 2097 1061 2161; x_wconf 87' lang='lat' dir='ltr'><strong>videat</strong></span> <span class='ocrx_word' id='word_1_143' title='bbox 1089 2099 1120 2162; x_wconf 91' lang='lat' dir='ltr'><strong>et</strong></span> <span class='ocrx_word' id='word_1_144' title='bbox 1147 2099 1245 2164; x_wconf 90' lang='lat' dir='ltr'><strong>oculis</strong></span> <span class='ocrx_word' id='word_1_145' title='bbox 1276 2117 1349 2179; x_wconf 92' lang='lat' dir='ltr'><strong>quo-</strong></span> 
     </span>
     <span class='ocr_line' id='line_1_21' title="bbox 219 2182 1351 2266; baseline 0 -19"><span class='ocrx_word' id='word_1_146' title='bbox 219 2183 382 2247; x_wconf 90' lang='lat' dir='ltr'><strong>dammodo</strong></span> <span class='ocrx_word' id='word_1_147' title='bbox 406 2184 520 2260; x_wconf 88' lang='lat' dir='ltr'><strong>cernat,</strong></span> <span class='ocrx_word' id='word_1_148' title='bbox 544 2184 578 2247; x_wconf 93' lang='lat' dir='ltr'><strong>in</strong></span> <span class='ocrx_word' id='word_1_149' title='bbox 600 2184 719 2248; x_wconf 89' lang='lat' dir='ltr'><strong>statum</strong></span> <span class='ocrx_word' id='word_1_150' title='bbox 742 2201 835 2264; x_wconf 91' lang='lat' dir='ltr'><strong>quam</strong></span> <span class='ocrx_word' id='word_1_151' title='bbox 856 2182 1007 2247; x_wconf 91' lang='lat' dir='ltr'><strong>humilem</strong></span> <span class='ocrx_word' id='word_1_152' title='bbox 1023 2182 1149 2248; x_wconf 86' lang='lat' dir='ltr'><strong>redacta</strong></span> <span class='ocrx_word' id='word_1_153' title='bbox 1169 2184 1235 2248; x_wconf 92' lang='lat' dir='ltr'><strong>sint</strong></span> <span class='ocrx_word' id='word_1_154' title='bbox 1249 2185 1351 2266; x_wconf 86' lang='lat' dir='ltr'><strong>prisea</strong></span> 
     </span>
     <span class='ocr_line' id='line_1_22' title="bbox 218 2265 1349 2352; baseline -0.001 -20"><span class='ocrx_word' id='word_1_155' title='bbox 218 2270 325 2351; x_wconf 89' lang='lat' dir='ltr'><strong>populi</strong></span> <span class='ocrx_word' id='word_1_156' title='bbox 337 2268 469 2333; x_wconf 90' lang='lat' dir='ltr'><strong>Romani</strong></span> <span class='ocrx_word' id='word_1_157' title='bbox 492 2286 588 2346; x_wconf 86' lang='lat' dir='ltr'><strong>sacra,</strong></span> <span class='ocrx_word' id='word_1_158' title='bbox 612 2287 689 2350; x_wconf 92' lang='lat' dir='ltr'><strong>quae</strong></span> <span class='ocrx_word' id='word_1_159' title='bbox 703 2265 877 2351; x_wconf 76' lang='lat' dir='ltr'><strong>privilegiis</strong></span> <span class='ocrx_word' id='word_1_160' title='bbox 894 2269 1038 2332; x_wconf 88' lang='lat' dir='ltr'><strong>omnibus</strong></span> <span class='ocrx_word' id='word_1_161' title='bbox 1055 2267 1199 2352; x_wconf 90' lang='lat' dir='ltr'><strong>deinceps</strong></span> <span class='ocrx_word' id='word_1_162' title='bbox 1215 2268 1349 2346; x_wconf 89' lang='lat' dir='ltr'><strong>amissis,</strong></span> 
     </span>
     <span class='ocr_line' id='line_1_23' title="bbox 221 2351 1349 2436; baseline -0.001 -18"><span class='ocrx_word' id='word_1_163' title='bbox 221 2356 257 2418; x_wconf 89' lang='lat' dir='ltr'><strong>ut</strong></span> <span class='ocrx_word' id='word_1_164' title='bbox 279 2355 424 2436; x_wconf 92' lang='lat' dir='ltr'><strong>spiritum</strong></span> <span class='ocrx_word' id='word_1_165' title='bbox 447 2353 538 2418; x_wconf 91' lang='lat' dir='ltr'><strong>modo</strong></span> <span class='ocrx_word' id='word_1_166' title='bbox 553 2357 662 2418; x_wconf 88' lang='lat' dir='ltr'><strong>ducere</strong></span> <span class='ocrx_word' id='word_1_167' title='bbox 677 2351 739 2417; x_wconf 90' lang='lat' dir='ltr'><strong>sibi</strong></span> <span class='ocrx_word' id='word_1_168' title='bbox 754 2353 848 2417; x_wconf 88' lang='lat' dir='ltr'><strong>liceat</strong></span> <span class='ocrx_word' id='word_1_169' title='bbox 863 2357 965 2436; x_wconf 90' lang='lat' dir='ltr'><strong>petere</strong></span> <span class='ocrx_word' id='word_1_170' title='bbox 980 2353 1134 2432; x_wconf 86' lang='lat' dir='ltr'><strong>videntur,</strong></span> <span class='ocrx_word' id='word_1_171' title='bbox 1157 2371 1228 2419; x_wconf 90' lang='lat' dir='ltr'><strong>cunr</strong></span> <span class='ocrx_word' id='word_1_172' title='bbox 1251 2354 1349 2418; x_wconf 90' lang='lat' dir='ltr'><strong>anim-</strong></span> 
     </span>
     <span class='ocr_line' id='line_1_24' title="bbox 221 2437 1350 2520; baseline 0.001 -18"><span class='ocrx_word' id='word_1_173' title='bbox 221 2440 377 2516; x_wconf 87' lang='lat' dir='ltr'><strong>advertat,</strong></span> <span class='ocrx_word' id='word_1_174' title='bbox 406 2455 468 2520; x_wconf 87' lang='lat' dir='ltr'><strong>qua</strong></span> <span class='ocrx_word' id='word_1_175' title='bbox 496 2438 659 2503; x_wconf 89' lang='lat' dir='ltr'><strong>maiestate</strong></span> <span class='ocrx_word' id='word_1_176' title='bbox 691 2438 802 2503; x_wconf 89' lang='lat' dir='ltr'><strong>cedant</strong></span> <span class='ocrx_word' id='word_1_177' title='bbox 834 2441 866 2502; x_wconf 92' lang='lat' dir='ltr'><strong>et</strong></span> <span class='ocrx_word' id='word_1_178' title='bbox 893 2437 1058 2520; x_wconf 90' lang='lat' dir='ltr'><strong>imperium</strong></span> <span class='ocrx_word' id='word_1_179' title='bbox 1087 2457 1145 2504; x_wconf 90' lang='lat' dir='ltr'><strong>sua</strong></span> <span class='ocrx_word' id='word_1_180' title='bbox 1167 2439 1350 2504; x_wconf 88' lang='lat' dir='ltr'><strong>fortitudine</strong></span> 
     </span>
     <span class='ocr_line' id='line_1_25' title="bbox 223 2524 1350 2608; baseline 0.001 -21"><span class='ocrx_word' id='word_1_181' title='bbox 223 2541 340 2605; x_wconf 90' lang='lat' dir='ltr'><strong>suaque</strong></span> <span class='ocrx_word' id='word_1_182' title='bbox 363 2525 478 2588; x_wconf 90' lang='lat' dir='ltr'><strong>virtute</strong></span> <span class='ocrx_word' id='word_1_183' title='bbox 502 2524 660 2589; x_wconf 89' lang='lat' dir='ltr'><strong>conditum</strong></span> <span class='ocrx_word' id='word_1_184' title='bbox 683 2524 715 2589; x_wconf 89' lang='lat' dir='ltr'><strong>et</strong></span> <span class='ocrx_word' id='word_1_185' title='bbox 738 2527 877 2602; x_wconf 90' lang='lat' dir='ltr'><strong>auctum,</strong></span> <span class='ocrx_word' id='word_1_186' title='bbox 900 2542 956 2588; x_wconf 89' lang='lat' dir='ltr'><strong>suo</strong></span> <span class='ocrx_word' id='word_1_187' title='bbox 979 2525 1132 2608; x_wconf 87' lang='lat' dir='ltr'><strong>sanguine</strong></span> <span class='ocrx_word' id='word_1_188' title='bbox 1155 2525 1281 2608; x_wconf 89' lang='lat' dir='ltr'><strong>suisque</strong></span> <span class='ocrx_word' id='word_1_189' title='bbox 1303 2524 1350 2588; x_wconf 93' lang='lat' dir='ltr'><strong>la-</strong></span> 
     </span>
     <span class='ocr_line' id='line_1_26' title="bbox 218 2608 1351 2694; baseline 0.001 -21"><span class='ocrx_word' id='word_1_190' title='bbox 218 2609 344 2675; x_wconf 89' lang='lat' dir='ltr'><strong>boribus</strong></span> <span class='ocrx_word' id='word_1_191' title='bbox 367 2609 406 2672; x_wconf 92' lang='lat' dir='ltr'><strong>ad</strong></span> <span class='ocrx_word' id='word_1_192' title='bbox 428 2627 587 2674; x_wconf 90' lang='lat' dir='ltr'><strong>summum</strong></span> <span class='ocrx_word' id='word_1_193' title='bbox 610 2608 727 2694; x_wconf 88' lang='lat' dir='ltr'><strong>gloriae</strong></span> <span class='ocrx_word' id='word_1_194' title='bbox 749 2610 911 2693; x_wconf 85' lang='lat' dir='ltr'><strong>fastigium</strong></span> <span class='ocrx_word' id='word_1_195' title='bbox 934 2609 1053 2673; x_wconf 90' lang='lat' dir='ltr'><strong>elatum</strong></span> <span class='ocrx_word' id='word_1_196' title='bbox 1076 2627 1155 2676; x_wconf 86' lang='lat' dir='ltr'><strong>novo</strong></span> <span class='ocrx_word' id='word_1_197' title='bbox 1178 2627 1261 2688; x_wconf 88' lang='lat' dir='ltr'><strong>aevo,</strong></span> <span class='ocrx_word' id='word_1_198' title='bbox 1286 2609 1351 2675; x_wconf 91' lang='lat' dir='ltr'><strong>dis·</strong></span> 
     </span>
     <span class='ocr_line' id='line_1_27' title="bbox 218 2693 1349 2778; baseline 0 -20"><span class='ocrx_word' id='word_1_199' title='bbox 218 2693 316 2759; x_wconf 91' lang='lat' dir='ltr'><strong>simili</strong></span> <span class='ocrx_word' id='word_1_200' title='bbox 343 2693 496 2774; x_wconf 93' lang='lat' dir='ltr'><strong>moribus,</strong></span> <span class='ocrx_word' id='word_1_201' title='bbox 531 2696 652 2760; x_wconf 86' lang='lat' dir='ltr'><strong>diverso</strong></span> <span class='ocrx_word' id='word_1_202' title='bbox 685 2695 867 2772; x_wconf 87' lang='lat' dir='ltr'><strong>sententiis,</strong></span> <span class='ocrx_word' id='word_1_203' title='bbox 902 2694 1018 2778; x_wconf 91' lang='lat' dir='ltr'><strong>dispari</strong></span> <span class='ocrx_word' id='word_1_204' title='bbox 1049 2696 1226 2762; x_wconf 89' lang='lat' dir='ltr'><strong>hominibus</strong></span> <span class='ocrx_word' id='word_1_205' title='bbox 1253 2695 1349 2760; x_wconf 88' lang='lat' dir='ltr'><strong>relin-</strong></span> 
     </span>
     <span class='ocr_line' id='line_1_28' title="bbox 220 2779 1350 2864; baseline 0.001 -21"><span class='ocrx_word' id='word_1_206' title='bbox 220 2779 326 2861; x_wconf 87' lang='lat' dir='ltr'><strong>quant,</strong></span> <span class='ocrx_word' id='word_1_207' title='bbox 351 2780 448 2844; x_wconf 90' lang='lat' dir='ltr'><strong>animi</strong></span> <span class='ocrx_word' id='word_1_208' title='bbox 472 2797 543 2845; x_wconf 86' lang='lat' dir='ltr'><strong>vero</strong></span> <span class='ocrx_word' id='word_1_209' title='bbox 559 2779 768 2864; x_wconf 89' lang='lat' dir='ltr'><strong>granditatem</strong></span> <span class='ocrx_word' id='word_1_210' title='bbox 784 2783 815 2845; x_wconf 91' lang='lat' dir='ltr'><strong>et</strong></span> <span class='ocrx_word' id='word_1_211' title='bbox 830 2779 998 2844; x_wconf 87' lang='lat' dir='ltr'><strong>sublimem</strong></span> <span class='ocrx_word' id='word_1_212' title='bbox 1013 2781 1212 2846; x_wconf 90' lang='lat' dir='ltr'><strong>nobilitatem</strong></span> <span class='ocrx_word' id='word_1_213' title='bbox 1226 2795 1265 2845; x_wconf 91' lang='lat' dir='ltr'><strong>nc</strong></span> <span class='ocrx_word' id='word_1_214' title='bbox 1280 2799 1350 2844; x_wconf 93' lang='lat' dir='ltr'><strong>cum</strong></span> 
     </span>
     <span class='ocr_line' id='line_1_29' title="bbox 219 2865 723 2947; baseline -0.002 -18"><span class='ocrx_word' id='word_1_215' title='bbox 219 2865 395 2930; x_wconf 90' lang='lat' dir='ltr'><strong>moriuntur</strong></span> <span class='ocrx_word' id='word_1_216' title='bbox 417 2865 541 2947; x_wconf 89' lang='lat' dir='ltr'><strong>quidem</strong></span> <span class='ocrx_word' id='word_1_217' title='bbox 565 2865 723 2930; x_wconf 90' lang='lat' dir='ltr'><strong>amittant.</strong></span> 
     </span>
    </p>

    <p class='ocr_par' dir='ltr' id='par_1_5' title="bbox 217 2949 1350 4493">
     <span class='ocr_line' id='line_1_30' title="bbox 320 2949 1349 3033; baseline 0 -19"><span class='ocrx_word' id='word_1_218' title='bbox 320 2951 452 3015; x_wconf 81' lang='lat' dir='ltr'><strong>Exordio</strong></span> <span class='ocrx_word' id='word_1_219' title='bbox 475 2951 576 3016; x_wconf 89' lang='lat' dir='ltr'><strong>utitur</strong></span> <span class='ocrx_word' id='word_1_220' title='bbox 588 2949 793 3033; x_wconf 82' lang='lat' dir='ltr'><strong>Symmachus</strong></span> <span class='ocrx_word' id='word_1_221' title='bbox 816 2969 860 3029; x_wconf 89' lang='lat' dir='ltr'><strong>eo,</strong></span> <span class='ocrx_word' id='word_1_222' title='bbox 884 2951 920 3014; x_wconf 90' lang='lat' dir='ltr'><strong>ut</strong></span> <span class='ocrx_word' id='word_1_223' title='bbox 943 2952 1078 3017; x_wconf 93' lang='lat' dir='ltr'><strong>dolorem</strong></span> <span class='ocrx_word' id='word_1_224' title='bbox 1102 2967 1349 3033; x_wconf 74' lang='lat' dir='ltr'><strong>summumque</strong></span> 
     </span>
     <span class='ocr_line' id='line_1_31' title="bbox 218 3033 1349 3122; baseline 0 -24"><span class='ocrx_word' id='word_1_225' title='bbox 218 3035 380 3118; x_wconf 86' lang='lat' dir='ltr'><strong>perculsus</strong></span> <span class='ocrx_word' id='word_1_226' title='bbox 408 3037 450 3100; x_wconf 89' lang='lat' dir='ltr'><strong>sit</strong></span> <span class='ocrx_word' id='word_1_227' title='bbox 481 3038 622 3112; x_wconf 89' lang='lat' dir='ltr'><strong>senatus,</strong></span> <span class='ocrx_word' id='word_1_228' title='bbox 657 3035 807 3122; x_wconf 89' lang='lat' dir='ltr'><strong>designet.</strong></span> <span class='ocrx_word' id='word_1_229' title='bbox 853 3035 954 3100; x_wconf 85' lang='lat' dir='ltr'><strong>Priori</strong></span> <span class='ocrx_word' id='word_1_230' title='bbox 982 3035 1132 3122; x_wconf 86' lang='lat' dir='ltr'><strong>legationi</strong></span> <span class='ocrx_word' id='word_1_231' title='bbox 1161 3036 1282 3101; x_wconf 89' lang='lat' dir='ltr'><strong>aditum</strong></span> <span class='ocrx_word' id='word_1_232' title='bbox 1310 3033 1349 3098; x_wconf 89' lang='lat' dir='ltr'><strong>ad</strong></span> 
     </span>
     <span class='ocr_line' id='line_1_32' title="bbox 219 3120 1349 3206; baseline -0.001 -21"><span class='ocrx_word' id='word_1_233' title='bbox 219 3120 403 3185; x_wconf 79' lang='lat' dir='ltr'><strong>Gratianum</strong></span> <span class='ocrx_word' id='word_1_234' title='bbox 427 3126 575 3206; x_wconf 87' lang='lat' dir='ltr'><strong>negatum</strong></span> <span class='ocrx_word' id='word_1_235' title='bbox 598 3139 665 3186; x_wconf 90' lang='lat' dir='ltr'><strong>osse</strong></span> <span class='ocrx_word' id='word_1_236' title='bbox 688 3123 725 3186; x_wconf 89' lang='lat' dir='ltr'><strong>ab</strong></span> <span class='ocrx_word' id='word_1_237' title='bbox 748 3121 906 3205; x_wconf 88' lang='lat' dir='ltr'><strong>improbis,</strong></span> <span class='ocrx_word' id='word_1_238' title='bbox 933 3122 987 3205; x_wconf 92' lang='lat' dir='ltr'><strong>qui</strong></span> <span class='ocrx_word' id='word_1_239' title='bbox 1010 3126 1128 3205; x_wconf 88' lang='lat' dir='ltr'><strong>quanta</strong></span> <span class='ocrx_word' id='word_1_240' title='bbox 1150 3124 1230 3186; x_wconf 87' lang='lat' dir='ltr'><strong>esset</strong></span> <span class='ocrx_word' id='word_1_241' title='bbox 1252 3121 1349 3203; x_wconf 89' lang='lat' dir='ltr'><strong>impe-</strong></span> 
     </span>
     <span class='ocr_line' id='line_1_33' title="bbox 218 3197 1348 3292; baseline -0.002 -21"><span class='ocrx_word' id='word_1_242' title='bbox 218 3206 330 3271; x_wconf 91' lang='lat' dir='ltr'><strong>ratoris</strong></span> <span class='ocrx_word' id='word_1_243' title='bbox 358 3205 482 3272; x_wconf 89' lang='lat' dir='ltr'><strong>iustitia</strong></span> <span class='ocrx_word' id='word_1_244' title='bbox 509 3209 602 3291; x_wconf 90' lang='lat' dir='ltr'><strong>probe</strong></span> <span class='ocrx_word' id='word_1_245' title='bbox 636 3207 862 3292; x_wconf 87' lang='lat' dir='ltr'><strong>cognovissent.</strong></span> <span class='ocrx_word' id='word_1_246' title='bbox 908 3205 946 3272; x_wconf 85' lang='lat' dir='ltr'><strong>Se</strong></span> <span class='ocrx_word' id='word_1_247' title='bbox 977 3197 1094 3291; x_wconf 88' lang='lat' dir='ltr'><strong>dup&#39;lici</strong></span> <span class='ocrx_word' id='word_1_248' title='bbox 1122 3207 1220 3273; x_wconf 87' lang='lat' dir='ltr'><strong>officio</strong></span> <span class='ocrx_word' id='word_1_249' title='bbox 1250 3205 1348 3288; x_wconf 89' lang='lat' dir='ltr'><strong>fungi,</strong></span> 
     </span>
     <span class='ocr_line' id='line_1_34' title="bbox 217 3292 1350 3377; baseline -0.001 -22"><span class='ocrx_word' id='word_1_250' title='bbox 217 3293 407 3373; x_wconf 88' lang='lat' dir='ltr'><strong>praefectum</strong></span> <span class='ocrx_word' id='word_1_251' title='bbox 431 3311 509 3375; x_wconf 87' lang='lat' dir='ltr'><strong>qnae</strong></span> <span class='ocrx_word' id='word_1_252' title='bbox 530 3292 652 3377; x_wconf 90' lang='lat' dir='ltr'><strong>publice</strong></span> <span class='ocrx_word' id='word_1_253' title='bbox 675 3294 764 3377; x_wconf 90' lang='lat' dir='ltr'><strong>gesta</strong></span> <span class='ocrx_word' id='word_1_254' title='bbox 786 3293 889 3358; x_wconf 89' lang='lat' dir='ltr'><strong>essent</strong></span> <span class='ocrx_word' id='word_1_255' title='bbox 911 3309 1085 3376; x_wconf 91' lang='lat' dir='ltr'><strong>proponere,</strong></span> <span class='ocrx_word' id='word_1_256' title='bbox 1109 3292 1250 3376; x_wconf 90' lang='lat' dir='ltr'><strong>legatum</strong></span> <span class='ocrx_word' id='word_1_257' title='bbox 1272 3309 1350 3374; x_wconf 91' lang='lat' dir='ltr'><strong>quae</strong></span> 
     </span>
     <span class='ocr_line' id='line_1_35' title="bbox 217 3377 1349 3460; baseline -0.003 -18"><span class='ocrx_word' id='word_1_258' title='bbox 217 3378 299 3443; x_wconf 86' lang='lat' dir='ltr'><strong>cives</strong></span> <span class='ocrx_word' id='word_1_259' title='bbox 322 3378 521 3444; x_wconf 90' lang='lat' dir='ltr'><strong>mandassent</strong></span> <span class='ocrx_word' id='word_1_260' title='bbox 544 3381 768 3444; x_wconf 86' lang='lat' dir='ltr'><strong>commendare.</strong></span> <span class='ocrx_word' id='word_1_261' title='bbox 800 3377 906 3460; x_wconf 87' lang='lat' dir='ltr'><strong>Neque</strong></span> <span class='ocrx_word' id='word_1_262' title='bbox 929 3380 1047 3444; x_wconf 91' lang='lat' dir='ltr'><strong>curiam</strong></span> <span class='ocrx_word' id='word_1_263' title='bbox 1069 3380 1134 3443; x_wconf 92' lang='lat' dir='ltr'><strong>suis</strong></span> <span class='ocrx_word' id='word_1_264' title='bbox 1154 3377 1243 3444; x_wconf 92' lang='lat' dir='ltr'><strong>modo</strong></span> <span class='ocrx_word' id='word_1_265' title='bbox 1266 3391 1349 3440; x_wconf 86' lang='lat' dir='ltr'><strong>cem·</strong></span> 
     </span>
     <span class='ocr_line' id='line_1_36' title="bbox 217 3463 1350 3547; baseline -0.002 -21"><span class='ocrx_word' id='word_1_266' title='bbox 217 3463 317 3528; x_wconf 89' lang='lat' dir='ltr'><strong>modis</strong></span> <span class='ocrx_word' id='word_1_267' title='bbox 340 3464 470 3543; x_wconf 84' lang='lat' dir='ltr'><strong>seruire,</strong></span> <span class='ocrx_word' id='word_1_268' title='bbox 498 3466 552 3530; x_wconf 91' lang='lat' dir='ltr'><strong>sed</strong></span> <span class='ocrx_word' id='word_1_269' title='bbox 579 3483 614 3529; x_wconf 88' lang='lat' dir='ltr'><strong>er</strong></span> <span class='ocrx_word' id='word_1_270' title='bbox 643 3466 711 3529; x_wconf 89' lang='lat' dir='ltr'><strong>eius</strong></span> <span class='ocrx_word' id='word_1_271' title='bbox 733 3463 838 3530; x_wconf 91' lang='lat' dir='ltr'><strong>studio</strong></span> <span class='ocrx_word' id='word_1_272' title='bbox 861 3466 1097 3546; x_wconf 88' lang='lat' dir='ltr'><strong>imperatoribus</strong></span> <span class='ocrx_word' id='word_1_273' title='bbox 1123 3481 1242 3547; x_wconf 89' lang='lat' dir='ltr'><strong>quoque</strong></span> <span class='ocrx_word' id='word_1_274' title='bbox 1263 3477 1350 3526; x_wconf 89' lang='lat' dir='ltr'><strong>sum-</strong></span> 
     </span>
     <span class='ocr_line' id='line_1_37' title="bbox 217 3545 1349 3632; baseline -0.002 -20"><span class='ocrx_word' id='word_1_275' title='bbox 217 3565 302 3612; x_wconf 89' lang='lat' dir='ltr'><strong>mam</strong></span> <span class='ocrx_word' id='word_1_276' title='bbox 325 3549 494 3616; x_wconf 82' lang='lat' dir='ltr'><strong>utilitatem</strong></span> <span class='ocrx_word' id='word_1_277' title='bbox 517 3551 704 3628; x_wconf 89' lang='lat' dir='ltr'><strong>redundare,</strong></span> <span class='ocrx_word' id='word_1_278' title='bbox 727 3548 840 3632; x_wconf 88' lang='lat' dir='ltr'><strong>quippo</strong></span> <span class='ocrx_word' id='word_1_279' title='bbox 862 3551 917 3632; x_wconf 90' lang='lat' dir='ltr'><strong>qui</strong></span> <span class='ocrx_word' id='word_1_280' title='bbox 937 3551 1109 3616; x_wconf 91' lang='lat' dir='ltr'><strong>uberrimos</strong></span> <span class='ocrx_word' id='word_1_281' title='bbox 1131 3551 1204 3614; x_wconf 90' lang='lat' dir='ltr'><strong>inde</strong></span> <span class='ocrx_word' id='word_1_282' title='bbox 1228 3545 1349 3632; x_wconf 90' lang='lat' dir='ltr'><strong>capturi</strong></span> 
     </span>
     <span class='ocr_line' id='line_1_38' title="bbox 217 3631 1350 3720; baseline -0.003 -22"><span class='ocrx_word' id='word_1_283' title='bbox 217 3638 327 3698; x_wconf 88' lang='lat' dir='ltr'><strong>essent</strong></span> <span class='ocrx_word' id='word_1_284' title='bbox 344 3635 478 3712; x_wconf 89' lang='lat' dir='ltr'><strong>fructus,</strong></span> <span class='ocrx_word' id='word_1_285' title='bbox 507 3654 577 3702; x_wconf 89' lang='lat' dir='ltr'><strong>enm</strong></span> <span class='ocrx_word' id='word_1_286' title='bbox 604 3653 682 3720; x_wconf 88' lang='lat' dir='ltr'><strong>quae</strong></span> <span class='ocrx_word' id='word_1_287' title='bbox 705 3636 837 3701; x_wconf 90' lang='lat' dir='ltr'><strong>maiores</strong></span> <span class='ocrx_word' id='word_1_288' title='bbox 864 3635 898 3699; x_wconf 91' lang='lat' dir='ltr'><strong>iu</strong></span> <span class='ocrx_word' id='word_1_289' title='bbox 927 3633 1052 3702; x_wconf 81' lang='lat' dir='ltr'><strong>civitate</strong></span> <span class='ocrx_word' id='word_1_290' title='bbox 1074 3635 1285 3701; x_wconf 88' lang='lat' dir='ltr'><strong>instituissent</strong></span> <span class='ocrx_word' id='word_1_291' title='bbox 1306 3631 1350 3696; x_wconf 88' lang='lat' dir='ltr'><strong>le-</strong></span> 
     </span>
     <span class='ocr_line' id='line_1_39' title="bbox 218 3720 1349 3805; baseline -0.001 -23"><span class='ocrx_word' id='word_1_292' title='bbox 218 3720 368 3802; x_wconf 87' lang='lat' dir='ltr'><strong>gibusque</strong></span> <span class='ocrx_word' id='word_1_293' title='bbox 390 3720 582 3800; x_wconf 89' lang='lat' dir='ltr'><strong>firmassent,</strong></span> <span class='ocrx_word' id='word_1_294' title='bbox 617 3723 873 3787; x_wconf 84' lang='lat' dir='ltr'><strong>conservarentur</strong></span> <span class='ocrx_word' id='word_1_295' title='bbox 896 3724 988 3805; x_wconf 92' lang='lat' dir='ltr'><strong>atque</strong></span> <span class='ocrx_word' id='word_1_296' title='bbox 1010 3721 1262 3798; x_wconf 88' lang='lat' dir='ltr'><strong>defenderentur,</strong></span> <span class='ocrx_word' id='word_1_297' title='bbox 1293 3736 1349 3802; x_wconf 87' lang='lat' dir='ltr'><strong>pa-</strong></span> 
     </span>
     <span class='ocr_line' id='line_1_40' title="bbox 218 3803 1349 3892; baseline -0.001 -24"><span class='ocrx_word' id='word_1_298' title='bbox 218 3805 356 3886; x_wconf 86' lang='lat' dir='ltr'><strong>triaeque</strong></span> <span class='ocrx_word' id='word_1_299' title='bbox 379 3807 511 3890; x_wconf 83' lang='lat' dir='ltr'><strong>gloriam</strong></span> <span class='ocrx_word' id='word_1_300' title='bbox 533 3825 567 3872; x_wconf 90' lang='lat' dir='ltr'><strong>eo</strong></span> <span class='ocrx_word' id='word_1_301' title='bbox 591 3809 655 3872; x_wconf 87' lang='lat' dir='ltr'><strong>iore</strong></span> <span class='ocrx_word' id='word_1_302' title='bbox 678 3809 855 3884; x_wconf 91' lang='lat' dir='ltr'><strong>clariorem,</strong></span> <span class='ocrx_word' id='word_1_303' title='bbox 890 3825 950 3888; x_wconf 91' lang='lat' dir='ltr'><strong>quo</strong></span> <span class='ocrx_word' id='word_1_304' title='bbox 972 3809 1073 3892; x_wconf 88' lang='lat' dir='ltr'><strong>magis</strong></span> <span class='ocrx_word' id='word_1_305' title='bbox 1096 3808 1268 3891; x_wconf 87' lang='lat' dir='ltr'><strong>principes,</strong></span> <span class='ocrx_word' id='word_1_306' title='bbox 1304 3803 1349 3867; x_wconf 92' lang='lat' dir='ltr'><strong>nil</strong></span> 
     </span>
     <span class='ocr_line' id='line_1_41' title="bbox 218 3891 1350 3976; baseline -0.003 -21"><span class='ocrx_word' id='word_1_307' title='bbox 218 3891 279 3956; x_wconf 90' lang='lat' dir='ltr'><strong>sibi</strong></span> <span class='ocrx_word' id='word_1_308' title='bbox 308 3899 413 3955; x_wconf 88' lang='lat' dir='ltr'><strong>contra</strong></span> <span class='ocrx_word' id='word_1_309' title='bbox 440 3911 558 3958; x_wconf 92' lang='lat' dir='ltr'><strong>morem</strong></span> <span class='ocrx_word' id='word_1_310' title='bbox 587 3895 753 3976; x_wconf 90' lang='lat' dir='ltr'><strong>parentum</strong></span> <span class='ocrx_word' id='word_1_311' title='bbox 783 3892 874 3957; x_wconf 89' lang='lat' dir='ltr'><strong>licere</strong></span> <span class='ocrx_word' id='word_1_312' title='bbox 902 3895 1140 3960; x_wconf 81' lang='lat' dir='ltr'><strong>intellexissent.</strong></span> <span class='ocrx_word' id='word_1_313' title='bbox 1184 3891 1350 3958; x_wconf 82' lang='lat' dir='ltr'><strong>lulianum</strong></span> 
     </span>
     <span class='ocr_line' id='line_1_42' title="bbox 217 3977 1348 4060; baseline -0.003 -19"><span class='ocrx_word' id='word_1_314' title='bbox 217 3981 343 4060; x_wconf 90' lang='lat' dir='ltr'><strong>patrum</strong></span> <span class='ocrx_word' id='word_1_315' title='bbox 366 3979 549 4042; x_wconf 89' lang='lat' dir='ltr'><strong>cerimonias</strong></span> <span class='ocrx_word' id='word_1_316' title='bbox 577 3979 723 4054; x_wconf 88' lang='lat' dir='ltr'><strong>coluisse,</strong></span> <span class='ocrx_word' id='word_1_317' title='bbox 747 3978 1004 4044; x_wconf 89' lang='lat' dir='ltr'><strong>Valentinianum</strong></span> <span class='ocrx_word' id='word_1_318' title='bbox 1026 3978 1050 4044; x_wconf 90' lang='lat'><strong>1.</strong></span> <span class='ocrx_word' id='word_1_319' title='bbox 1080 3998 1140 4044; x_wconf 90' lang='lat' dir='ltr'><strong>non</strong></span> <span class='ocrx_word' id='word_1_320' title='bbox 1169 3977 1348 4052; x_wconf 87' lang='lat' dir='ltr'><strong>sustulisse;</strong></span> 
     </span>
     <span class='ocr_line' id='line_1_43' title="bbox 219 4062 1349 4147; baseline -0.002 -21"><span class='ocrx_word' id='word_1_321' title='bbox 219 4065 309 4128; x_wconf 88' lang='lat' dir='ltr'><strong>huius</strong></span> <span class='ocrx_word' id='word_1_322' title='bbox 332 4063 430 4147; x_wconf 88' lang='lat' dir='ltr'><strong>igitur</strong></span> <span class='ocrx_word' id='word_1_323' title='bbox 451 4063 627 4129; x_wconf 90' lang='lat' dir='ltr'><strong>imitaretur</strong></span> <span class='ocrx_word' id='word_1_324' title='bbox 655 4065 845 4146; x_wconf 83' lang='lat' dir='ltr'><strong>exemplum,</strong></span> <span class='ocrx_word' id='word_1_325' title='bbox 881 4065 908 4128; x_wconf 91' lang='lat' dir='ltr'><strong>si</strong></span> <span class='ocrx_word' id='word_1_326' title='bbox 936 4065 1021 4130; x_wconf 90' lang='lat' dir='ltr'><strong>illins</strong></span> <span class='ocrx_word' id='word_1_327' title='bbox 1049 4064 1236 4130; x_wconf 88' lang='lat' dir='ltr'><strong>sententiam</strong></span> <span class='ocrx_word' id='word_1_328' title='bbox 1264 4062 1349 4142; x_wconf 89' lang='lat' dir='ltr'><strong>sequi</strong></span> 
     </span>
     <span class='ocr_line' id='line_1_44' title="bbox 219 4147 1349 4231; baseline -0.002 -21"><span class='ocrx_word' id='word_1_329' title='bbox 219 4165 278 4211; x_wconf 91' lang='lat' dir='ltr'><strong>non</strong></span> <span class='ocrx_word' id='word_1_330' title='bbox 304 4154 417 4231; x_wconf 86' lang='lat' dir='ltr'><strong>posset.</strong></span> <span class='ocrx_word' id='word_1_331' title='bbox 441 4149 613 4230; x_wconf 79' lang='lat' dir='ltr'><strong>Quemnam</strong></span> <span class='ocrx_word' id='word_1_332' title='bbox 634 4149 761 4215; x_wconf 86' lang='lat' dir='ltr'><strong>tandem</strong></span> <span class='ocrx_word' id='word_1_333' title='bbox 784 4169 851 4214; x_wconf 90' lang='lat' dir='ltr'><strong>esse</strong></span> <span class='ocrx_word' id='word_1_334' title='bbox 875 4152 977 4215; x_wconf 88' lang='lat' dir='ltr'><strong>animo</strong></span> <span class='ocrx_word' id='word_1_335' title='bbox 999 4152 1046 4216; x_wconf 89' lang='lat' dir='ltr'><strong>ita</strong></span> <span class='ocrx_word' id='word_1_336' title='bbox 1062 4149 1201 4217; x_wconf 87' lang='lat' dir='ltr'><strong>barbaris</strong></span> <span class='ocrx_word' id='word_1_337' title='bbox 1217 4147 1349 4222; x_wconf 86' lang='lat' dir='ltr'><strong>addicto,</strong></span> 
     </span>
     <span class='ocr_line' id='line_1_45' title="bbox 218 4231 1349 4322; baseline -0.002 -26"><span class='ocrx_word' id='word_1_338' title='bbox 218 4239 253 4296; x_wconf 89' lang='lat' dir='ltr'><strong>ut</strong></span> <span class='ocrx_word' id='word_1_339' title='bbox 276 4233 431 4301; x_wconf 87' lang='lat' dir='ltr'><strong>Victoriae</strong></span> <span class='ocrx_word' id='word_1_340' title='bbox 454 4253 540 4300; x_wconf 90' lang='lat' dir='ltr'><strong>aram</strong></span> <span class='ocrx_word' id='word_1_341' title='bbox 563 4255 625 4300; x_wconf 93' lang='lat' dir='ltr'><strong>non</strong></span> <span class='ocrx_word' id='word_1_342' title='bbox 647 4237 806 4318; x_wconf 80' lang='lat' dir='ltr'><strong>requirat?</strong></span> <span class='ocrx_word' id='word_1_343' title='bbox 836 4233 1025 4302; x_wconf 85' lang='lat' dir='ltr'><strong>Redderetu&#39;r</strong></span> <span class='ocrx_word' id='word_1_344' title='bbox 1048 4255 1120 4322; x_wconf 87' lang='lat' dir='ltr'><strong>ergo</strong></span> <span class='ocrx_word' id='word_1_345' title='bbox 1143 4235 1264 4300; x_wconf 89' lang='lat' dir='ltr'><strong>nomini</strong></span> <span class='ocrx_word' id='word_1_346' title='bbox 1285 4231 1349 4296; x_wconf 89' lang='lat' dir='ltr'><strong>sal-</strong></span> 
     </span>
     <span class='ocr_line' id='line_1_46' title="bbox 217 4317 1349 4406; baseline -0.002 -24"><span class='ocrx_word' id='word_1_347' title='bbox 217 4323 282 4382; x_wconf 89' lang='lat' dir='ltr'><strong>tem</strong></span> <span class='ocrx_word' id='word_1_348' title='bbox 304 4319 409 4399; x_wconf 89' lang='lat' dir='ltr'><strong>honor,</strong></span> <span class='ocrx_word' id='word_1_349' title='bbox 434 4322 486 4405; x_wconf 92' lang='lat' dir='ltr'><strong>qui</strong></span> <span class='ocrx_word' id='word_1_350' title='bbox 509 4321 630 4386; x_wconf 91' lang='lat' dir='ltr'><strong>numini</strong></span> <span class='ocrx_word' id='word_1_351' title='bbox 652 4323 828 4406; x_wconf 87' lang='lat' dir='ltr'><strong>negaretur.</strong></span> <span class='ocrx_word' id='word_1_352' title='bbox 867 4320 968 4402; x_wconf 89' lang='lat' dir='ltr'><strong>,Nam</strong></span> <span class='ocrx_word' id='word_1_353' title='bbox 991 4323 1111 4388; x_wconf 89' lang='lat' dir='ltr'><strong>multa“</strong></span> <span class='ocrx_word' id='word_1_354' title='bbox 1137 4321 1240 4404; x_wconf 90' lang='lat' dir='ltr'><strong>inquit</strong></span> <span class='ocrx_word' id='word_1_355' title='bbox 1259 4317 1349 4400; x_wconf 90' lang='lat' dir='ltr'><strong>„Vic-</strong></span> 
     </span>
     <span class='ocr_line' id='line_1_47' title="bbox 219 4403 1349 4493; baseline -0.001 -26"><span class='ocrx_word' id='word_1_356' title='bbox 219 4403 317 4468; x_wconf 89' lang='lat' dir='ltr'><strong>toriae</strong></span> <span class='ocrx_word' id='word_1_357' title='bbox 339 4406 430 4472; x_wconf 87' lang='lat' dir='ltr'><strong>debet</strong></span> <span class='ocrx_word' id='word_1_358' title='bbox 454 4411 622 4472; x_wconf 87' lang='lat' dir='ltr'><strong>aeternitas</strong></span> <span class='ocrx_word' id='word_1_359' title='bbox 645 4411 803 4473; x_wconf 80' lang='lat' dir='ltr'><strong>restruet</strong></span> <span class='ocrx_word' id='word_1_360' title='bbox 826 4407 926 4474; x_wconf 91' lang='lat' dir='ltr'><strong>adhuc</strong></span> <span class='ocrx_word' id='word_1_361' title='bbox 950 4411 1040 4493; x_wconf 90' lang='lat' dir='ltr'><strong>plura</strong></span> <span class='ocrx_word' id='word_1_362' title='bbox 1063 4407 1197 4474; x_wconf 86' lang='lat' dir='ltr'><strong>debebit.</strong></span> <span class='ocrx_word' id='word_1_363' title='bbox 1229 4404 1349 4473; x_wconf 89' lang='lat' dir='ltr'><strong>Adver-</strong></span> 
     </span>
    </p>
   </div>
   <div class='ocr_carea' id='block_1_5' title="bbox 99 4490 1350 4680">
    <p class='ocr_par' dir='ltr' id='par_1_6' title="bbox 99 4490 1350 4680">
     <span class='ocr_line' id='line_1_48' title="bbox 218 4490 1349 4579; baseline 0 -25"><span class='ocrx_word' id='word_1_364' title='bbox 218 4493 325 4555; x_wconf 85' lang='lat' dir='ltr'><strong>sentur</strong></span> <span class='ocrx_word' id='word_1_365' title='bbox 358 4490 439 4556; x_wconf 88' lang='lat' dir='ltr'><strong>hano</strong></span> <span class='ocrx_word' id='word_1_366' title='bbox 466 4497 669 4575; x_wconf 88' lang='lat' dir='ltr'><strong>potestatem,</strong></span> <span class='ocrx_word' id='word_1_367' title='bbox 704 4495 814 4579; x_wconf 90' lang='lat' dir='ltr'><strong>quibus</strong></span> <span class='ocrx_word' id='word_1_368' title='bbox 845 4493 925 4559; x_wconf 86' lang='lat' dir='ltr'><strong>nihil</strong></span> <span class='ocrx_word' id='word_1_369' title='bbox 953 4495 1076 4578; x_wconf 89' lang='lat' dir='ltr'><strong>profuit.</strong></span> <span class='ocrx_word' id='word_1_370' title='bbox 1123 4493 1186 4559; x_wconf 90' lang='lat' dir='ltr'><strong>Vos</strong></span> <span class='ocrx_word' id='word_1_371' title='bbox 1215 4491 1349 4558; x_wconf 88' lang='lat' dir='ltr'><strong>amicum</strong></span> 
     </span>
     <span class='ocr_line' id='line_1_49' title="bbox 99 4575 1350 4680; baseline -0.007 -27"><span class='ocrx_word' id='word_1_372' title='bbox 99 4637 132 4680; x_wconf 51' lang='lat'>4</span> <span class='ocrx_word' id='word_1_373' title='bbox 219 4578 384 4664; x_wconf 79' lang='lat' dir='ltr'><strong>triumphis</strong></span> <span class='ocrx_word' id='word_1_374' title='bbox 409 4581 617 4666; x_wconf 89' lang='lat' dir='ltr'><strong>patrocinium</strong></span> <span class='ocrx_word' id='word_1_375' title='bbox 646 4581 742 4648; x_wconf 88' lang='lat' dir='ltr'><strong>nolite</strong></span> <span class='ocrx_word' id='word_1_376' title='bbox 771 4580 919 4648; x_wconf 88' lang='lat' dir='ltr'><strong>deserere.</strong></span> <span class='ocrx_word' id='word_1_377' title='bbox 964 4580 1092 4650; x_wconf 80' lang='lat' dir='ltr'><strong>Cunctis</strong></span> <span class='ocrx_word' id='word_1_378' title='bbox 1120 4577 1261 4670; x_wconf 89' lang='lat' dir='ltr'><strong>potentio</strong></span> <span class='ocrx_word' id='word_1_379' title='bbox 1288 4575 1350 4644; x_wconf 85' lang='lat' dir='ltr'><strong>ista</strong></span> 
     </span>
    </p>
   </div>
   <div class='ocr_carea' id='block_1_6' title="bbox 0 0 1558 5124">
    <p class='ocr_par' dir='ltr' id='par_1_7' title="bbox 0 0 1558 5124">
     <span class='ocr_line' id='line_1_50' title="bbox 0 0 1558 5124; baseline 0 0"><span class='ocrx_word' id='word_1_380' title='bbox 0 0 1558 5124; x_wconf 95' lang='lat' dir='ltr'><strong> </strong></span> 
     </span>
    </p>
   </div>
  </div>
 </body>
</html>
