3108 5126
1245 347 1323 430 Ι22

189 554 331 602 mensam
353 535 446 618 etque
468 534 715 601 interminatam.
747 534 858 618 Imago
881 535 949 599 2222
970 532 1129 614 Victoriae
1151 533 1324 618 gradientis

189 623 240 688 221
264 621 466 696 advenientia,
490 639 568 704 quae
590 620 765 704 fingebatur
788 620 873 684 alata
894 637 987 702 ,pero
1004 620 1085 684 crine
1100 619 1216 716 virago,
1242 619 1323 684 nudo

189 725 340 804 suspensa
372 709 448 789 pede
480 706 678 789 strophioque
713 704 867 780 recincta
905 704 1042 770 tumidas
1074 703 1217 770 fluitante
1253 705 1325 770 2222

188 798 268 857 22222
242 791 303 856 tita
325 789 479 873 22221122α
502 790 663 876 (Ρ222222.
691 790 725 853 22
754 789 930 874 8222222
965 791 1032 874 36).
1077 791 1144 854 Μ22
1175 793 1241 888 erat
1271 810 1325 876 per

188 877 281 959 plura
310 876 450 952 saecula,
484 881 520 940 ut
506 878 721 952 t,senatores
755 877 920 958 postquam
949 877 1174 953 convenerunt,
1208 875 1242 939 iu
1269 894 1323 940 ara

191 961 348 1027 Victoriae
382 980 471 1025 22222
498 962 644 1028 facerent
621 959 767 1024 20222
797 977 868 1026 2222
896 959 1145 1026 Christianorum
1177 979 1324 1026 numerus

191 1050 222 1112 t
247 1047 344 1111 honor
373 1047 482 1111 anctus
509 1049 638 1113 esseta
619 1047 712 1129 atque
740 1044 879 1127 plures
870 1066 904 1110 1n
932 1047 1076 1110 senatum
1106 1064 1226 1127 quoque
1255 1065 1325 1128 per·

190 1131 363 1208 venissent,
397 1149 491 1213 qnam
525 1133 632 1232 iniquo
666 1132 769 1196 animo
801 1132 880 1195 tales
913 1131 1097 1196 cerimonias
1130 1131 1262 1195 tulerint
1294 1132 1327 1196 22

190 1220 378 1316 quantopere
401 1216 507 1280 offensi
530 1216 707 1283 sintfacile
728 1214 934 1298 intelligitur,
969 1235 1040 1281 cum
1068 1216 1132 1280 iam
1160 1216 1194 1279 in
1218 1235 1325 1281 eorum

190 1305 349 1397 ipsorum¹
351 1300 521 1366 ludibrium
545 1321 599 1368 222
620 1302 723 1398 posita
746 1304 777 1365 22
798 1319 888 1366 22222
903 1301 969 1365 fieri
984 1301 1171 1366 2222222222
1213 1302 1324 1384 Itaque

190 1406 226 1451 22
253 1386 349 1451 1222“
341 1405 405 1450 ram
434 1387 535 1453 aetate
565 1386 748 1468 saepissime
777 1405 813 1450 22
841 1405 1057 1452 summotum
1087 1384 1194 1450 ardore
1220 1388 1324 1452 actum

189 1473 238 1537 222
260 1473 297 1536 22
320 1489 374 1536 222
388 1470 462 1535 Vict
448 1471 599 1552 toriae,u
578 1473 684 1536 utrum
707 1472 956 1550 submoveretur,
980 1490 1021 1536 an
1043 1472 1135 1536 restit
1121 1476 1223 1536 ttuere
1224 1490 1310 1550 ur,c
1293 1474 1325 1536 22

189 1575 338 1646 quaeres
366 1556 457 1620 initio
485 1558 618 1622 minima
643 1556 827 1640 putabatur,
860 1557 942 1620 tanti
972 1558 1056 1622 facta
1087 1558 1135 1621 est
1162 1557 1323 1636 momenti,

188 1647 226 1708 ut
259 1661 312 1724 per
345 1660 414 1706 eam
446 1642 579 1726 imperat
580 1661 668 1707 omm
691 1645 745 1705 aut
779 1643 818 1706 22
842 1643 978 1713 veterem
1011 1644 1131 1707 cultum
1159 1641 1324 1708 2221222222

190 1725 516 1792 antGhristianorum
538 1728 747 1811 patrocinium
771 1728 1012 1876 cognosceretur.
1048 1727 1219 1792 Christiani
1241 1728 1325 1792 idem
1425 1771 1429 1778 -

189 1814 418 1910 propositums
403 1813 529 1878 strenue
553 1832 672 1896 semper
693 1816 836 1896 persecut
837 1812 917 1892 i,n
895 1813 932 1877 nt
962 1832 1050 1879 aram
1076 1813 1210 1886 invitam
1232 1814 1324 1878 tolle-

188 1903 268 1976 rent,
292 1898 425 1980 imperat
428 1917 494 1963 ores
516 1899 656 1981 precibus
680 1898 831 1962 adierunt.
855 1899 972 1977 Primo,
997 1899 1079 1981 quod
1094 1898 1191 1963 sciam
1207 1917 1234 1963 2.
1251 1900 1323 1966 357.

190 2003 244 2050 222
273 1985 393 2048 remota
422 1985 470 2048 est
491 1983 669 2049 Constantii
698 1984 800 2062 iussu,
836 1983 889 2065 qni
920 2002 989 2048 cnm
1019 2003 1053 2049 eo
1082 2002 1162 2049 anno
1192 1985 1325 2049 Romam

189 2069 303 2134 2222222
331 2069 397 2132 2222
427 2071 553 2152 aspectu
582 2088 615 2133 se
644 2069 802 2152 inquinari
824 2072 856 2132 et
881 2069 981 2151 pollui
1008 2071 1142 2152 putabat
1165 2069 1322 2153 (Ambrcs.

189 2155 246 2236 Ilp.
271 2154 321 2231 18,
345 2153 411 2234 32).
457 2154 604 2221 Julianus
628 2172 699 2220 vero
727 2154 773 2217 221
801 2153 864 2218 fere
887 2155 1046 2237 antiquius
1068 2154 1194 2232 hebuit,
1228 2173 1323 2236 qnam

189 2241 226 2304 ut
250 2257 338 2303 aram
365 2239 552 2305 restitueret.
591 2237 834 2318 Valentinianus
862 2239 903 2318 I.,
939 2258 1127 2322 quamquam
1156 2241 1323 2305 acerrimus

190 2326 222 2388 et
245 2324 534 2390 vehementissimus
558 2324 806 2390 Christianorum
830 2324 986 2405 defensor,
1019 2344 1106 2391 aram
1131 2325 1237 2388 tamen
1261 2343 1324 2389 non
1428 2359 1434 2372 ι

189 2409 335 2485 sustulit,
370 2411 424 2473 sed
452 2411 592 2492 reliquit,
627 2411 707 2492 quod
733 2409 918 2475 Ambrosius
947 2411 993 2475 ita
1021 2410 1202 2493 explicavit,
1236 2410 1325 2491 qnasi

189 2497 359 2577 imperator
381 2513 466 2559 aram
490 2499 593 2560 222222
609 2496 735 2561 omnino
750 2496 930 2578 ignorasset.
959 2496 1029 2560 Iam
1045 2497 1208 2561 videbatur
1223 2496 1323 2560 omnis

189 2579 341 2646 dissensio
370 2581 401 2644 et
430 2600 519 2646 omne
542 2583 698 2646 certamen
721 2581 926 2663 diremptum,
955 2600 1026 2647 eum
1048 2583 1174 2663 repente
1194 2599 1249 2663 per
1270 2580 1324 2645 de·

189 2669 310 2730 cretum
332 2663 501 2731 Mediolani
523 2668 633 2732 datum
656 2665 825 2750 Gratianus
849 2685 936 2732 22222
957 2667 1110 2733 removeri
1130 2668 1234 2731 iussit.
1258 2666 1324 2747 Quo

190 2751 303 2815 nuntio
325 2755 449 2836 accepto
432 2754 629 2817 osenatores
651 2753 683 2816 et
706 2753 759 2833 qui
782 2751 838 2814 2122
865 2752 948 2816 idem
979 2771 1051 2817 eum
1079 2751 1123 2816 eis
1146 2752 1326 2818 sentiebant

189 2852 385 2918 summopere
407 2836 552 2919 perculsi,
577 2855 710 2920 quonam
733 2839 824 2901 modo
846 2855 900 2902 ara
921 2838 1148 2916 restitueretur,
1172 2837 1324 2903 delibera-

189 2923 276 2987 bant
306 2923 432 2986 Placuit
454 2923 585 3002 senatui,
607 2922 696 2987 mitti
719 2922 760 2986 ad
781 2920 1000 3006 imperatorem
1022 2924 1221 3007 legationem,
1245 2941 1324 3006 quae
1395 2975 1407 2988 .

190 3004 317 3091 singula
339 3010 597 3091 exponereteu
524 3010 556 3072 22
577 3011 689 3072 22222
703 3008 890 3072 redderetur
917 3011 969 3091 pet
970 3009 1146 3075 22222022
1175 3009 1325 3092 legationi

190 3093 260 3174 quis
284 3093 500 3175 praeficeretur
522 3092 651 3157 dubium
674 3113 736 3159 uon
759 3095 834 3172 erat,
858 3113 929 3158 eum
950 3096 1053 3178 gentis
1076 3094 1236 3173 nobilitas,
1260 3095 1324 3158 elo·

191 3179 334 3260 quentiae
362 3179 447 3255 laus,
483 3179 579 3244 honor
608 3178 751 3261 publicus
781 3181 813 3243 et
839 3179 872 3242 in
903 3183 1014 3244 senatu
1042 3181 1176 3244 auctorit
1177 3199 1210 3243 as
1233 3178 1324 3262 Sym-

191 3265 336 3350 machum
358 3283 455 3330 unum
477 3263 715 3330 commendaret.
761 3262 856 3328 Cuius
884 3264 928 3329 222
958 3285 1044 3330 cnm
1052 3283 1157 3330 rumor
1178 3265 1325 3348 divulga·

190 3351 293 3427 retur,
316 3351 426 3430 primis
449 3350 534 3415 211222
558 3349 669 3415 aetatis
692 3349 853 3432 episcopis,
878 3351 1013 3416 Damaso
1033 3352 1169 3416 Romano
1192 3352 1223 3414 et
1245 3351 1323 3414 Am-

191 3434 294 3532 hrosio
316 3435 560 3513 Mediolanensi,
588 3435 672 3499 omni
694 3437 786 3500 modo
809 3435 1013 3501 obnitendum
1036 3437 1212 3513 videbatur,
1248 3453 1324 3517 quo-

191 3519 297 3584 minus
328 3521 424 3604 legati
459 3540 536 3603 qnae
566 3521 715 3588 volebant
748 3524 991 3603 assequerentur.
1037 3522 1148 3605 Itaque
1180 3521 1325 3586 libellum

191 3605 302 3675 statim
323 3606 530 3689 compositum
552 3607 731 3689 imperatori
754 3607 945 3685 obtulerunt,
973 3624 1033 3688 quo
1056 3607 1197 3673 omnium
1220 3626 1325 3673 rerum

191 3697 240 3756 rat
227 3691 365 3758 tionibus
388 3693 542 3758 conversis
566 3693 715 3757 maiorem
743 3694 922 3757 senatorum
951 3712 1115 3760 numerum
1137 3692 1325 3758 christianae

191 3777 336 3862 religioni
369 3779 509 3844 addictos
543 3780 574 3842 et
602 3779 797 3862 imperatoris
830 3778 967 3856 decreto,
1001 3799 1061 3862 quo
1092 3798 1146 3844 ara
1168 3779 1325 3844 Victoriae

192 3863 323 3928 tollebat
323 3882 376 3941 22,
404 3862 591 3928 laetissimos
615 3882 681 3928 esse
703 3864 872 3942 finxerunt,
903 3863 936 3929 id
959 3828 1054 3930 222221
1078 3865 1239 3942 addentes,
1270 3884 1324 3947 per
1408 3855 1417 3880 ²

193 3950 311 4032 legatos
335 3942 396 4014 222
418 3951 513 4014 totius
536 3950 661 4015 senatus
685 3951 887 4028 voluntatem,
911 3951 964 4015 sed
987 3970 1065 4034 quae
1086 3951 1210 4046 pauculi
1233 3951 1323 4014 modo

192 4033 402 4100 desiderarent
387 4035 602 4118 teignifioari.
648 4036 709 4100 Pro
731 4037 888 4101 auctorita
889 4037 935 4115 te,
965 4056 1026 4121 qua
1049 4034 1231 4102 Ambrosius
1254 4053 1324 4100 eum

192 4119 319 4202 publica
341 4119 548 4200 fruebatur,t
549 4142 603 4187 um
627 4120 709 4204 apud
731 4121 948 4204 imperatorem
970 4123 1116 4204 pollebat,
1140 4119 1214 4200 quid
1237 4121 1323 4186 1222-

192 4224 263 4270 rum
286 4206 368 4270 esset
390 4225 451 4271 non
475 4208 609 4305 amplius
632 4209 698 4272 erat
720 4207 937 4286 dubitandum,
961 4211 993 4271 et
1014 4228 1062 4274 222
1086 4205 1228 4271 inaudita
1194 4211 1323 4274 22222

193 4290 322 4370 accidit,
356 4293 392 4356 nt
356 4292 508 4376 nt'lega
500 4312 527 4358 22
556 4313 594 4359 22
616 4295 684 4359 adit
684 4312 720 4358 22
744 4293 867 4384 quidem
894 4294 934 4358 22
955 4295 1173 4376 imperatorem
1195 4293 1324 4377 permit·

193 4378 326 4455 teretur,
360 4376 407 4444 222
434 4381 470 4444 22
496 4379 620 4446 iniectis
647 4382 737 4447 rebus
761 4375 894 4448 Romam
921 4381 1078 4448 redierint.
1054 4377 1230 4463 tNeqne
1253 4397 1324 4448 2222

194 4482 269 4530 eura
291 4465 344 4530 diu
366 4466 546 4532 intermissa
568 4469 623 4533 est.
