<?xml version="1.0" encoding="UTF-8"?>
<!DOCTYPE html PUBLIC "-//W3C//DTD XHTML 1.0 Transitional//EN"
    "http://www.w3.org/TR/xhtml1/DTD/xhtml1-transitional.dtd">
<html xmlns="http://www.w3.org/1999/xhtml" xml:lang="en" lang="en">
 <head>
  <title>
</title>
<meta http-equiv="Content-Type" content="text/html;charset=utf-8" />
  <meta name='ocr-system' content='tesseract 3.04.00' />
  <meta name='ocr-capabilities' content='ocr_page ocr_carea ocr_par ocr_line ocrx_word'/>
</head>
<body>
  <div class='ocr_page' id='page_1' title='image "./quaestionessymm00koregoog_0038.png"; bbox 0 0 3108 5126; ppageno 0'>
   <div class='ocr_carea' id='block_1_1' title="bbox 1227 409 1270 474">
    <p class='ocr_par' dir='ltr' id='par_1_1' title="bbox 1227 409 1270 474">
     <span class='ocr_line' id='line_1_1' title="bbox 1227 409 1270 474; baseline -0.023 0"><span class='ocrx_word' id='word_1_1' title='bbox 1227 409 1270 474; x_wconf 87' lang='lat'><strong>31</strong></span> 
     </span>
    </p>
   </div>
   <div class='ocr_carea' id='block_1_2' title="bbox 137 565 1383 685">
    <p class='ocr_par' dir='ltr' id='par_1_2' title="bbox 137 565 1383 685">
     <span class='ocr_line' id='line_1_2' title="bbox 137 565 1383 685; baseline -0.002 -23"><span class='ocrx_word' id='word_1_2' title='bbox 137 597 266 662; x_wconf 89' lang='lat' dir='ltr'><strong>maohns</strong></span> <span class='ocrx_word' id='word_1_3' title='bbox 287 595 492 660; x_wconf 84' lang='lat' dir='ltr'><strong>luxuriatur.“</strong></span> <span class='ocrx_word' id='word_1_4' title='bbox 537 595 637 675; x_wconf 78' lang='lat' dir='ltr'><strong>Quam</strong></span> <span class='ocrx_word' id='word_1_5' title='bbox 659 565 864 661; x_wconf 81' lang='lat' dir='ltr'><strong>honorificum</strong></span> <span class='ocrx_word' id='word_1_6' title='bbox 887 595 1044 662; x_wconf 79' lang='lat' dir='ltr'><strong>Ausonius</strong></span> <span class='ocrx_word' id='word_1_7' title='bbox 1070 595 1107 661; x_wconf 92' lang='lat' dir='ltr'><strong>de</strong></span> <span class='ocrx_word' id='word_1_8' title='bbox 1129 615 1164 662; x_wconf 90' lang='lat' dir='ltr'><strong>eo</strong></span> <span class='ocrx_word' id='word_1_9' title='bbox 1188 596 1274 662; x_wconf 91' lang='lat' dir='ltr'><strong>iudi·</strong></span> <span class='ocrx_word' id='word_1_10' title='bbox 1374 671 1383 685; x_wconf 27' lang='grc' dir='ltr'>ι</span> 
     </span>
    </p>
   </div>
   <div class='ocr_carea' id='block_1_3' title="bbox 136 681 1275 4694">
    <p class='ocr_par' dir='ltr' id='par_1_3' title="bbox 136 681 1274 1192">
     <span class='ocr_line' id='line_1_3' title="bbox 138 681 1273 764; baseline -0.001 -16"><span class='ocrx_word' id='word_1_11' title='bbox 138 684 225 748; x_wconf 87' lang='lat' dir='ltr'><strong>cium</strong></span> <span class='ocrx_word' id='word_1_12' title='bbox 253 681 359 746; x_wconf 86' lang='lat' dir='ltr'><strong>fecerit</strong></span> <span class='ocrx_word' id='word_1_13' title='bbox 381 683 412 745; x_wconf 91' lang='lat' dir='ltr'><strong>et</strong></span> <span class='ocrx_word' id='word_1_14' title='bbox 437 699 533 764; x_wconf 88' lang='lat' dir='ltr'><strong>supra</strong></span> <span class='ocrx_word' id='word_1_15' title='bbox 559 682 736 746; x_wconf 86' lang='lat' dir='ltr'><strong>notavimus</strong></span> <span class='ocrx_word' id='word_1_16' title='bbox 765 683 796 747; x_wconf 93' lang='lat' dir='ltr'><strong>et</strong></span> <span class='ocrx_word' id='word_1_17' title='bbox 824 701 860 746; x_wconf 84' lang='lat' dir='ltr'><strong>cr</strong></span> <span class='ocrx_word' id='word_1_18' title='bbox 889 700 935 762; x_wconf 84' lang='lat' dir='ltr'><strong>ep.</strong></span> <span class='ocrx_word' id='word_1_19' title='bbox 962 683 1076 760; x_wconf 79' lang='lat'><strong>1,32,</strong></span> <span class='ocrx_word' id='word_1_20' title='bbox 1110 700 1205 764; x_wconf 90' lang='lat' dir='ltr'><strong>quam</strong></span> <span class='ocrx_word' id='word_1_21' title='bbox 1234 683 1273 747; x_wconf 89' lang='lat' dir='ltr'><strong>ad</strong></span> 
     </span>
     <span class='ocr_line' id='line_1_4' title="bbox 136 765 1274 852; baseline -0.002 -18"><span class='ocrx_word' id='word_1_22' title='bbox 136 767 360 852; x_wconf 72' lang='lat' dir='ltr'><strong>Symmachum</strong></span> <span class='ocrx_word' id='word_1_23' title='bbox 383 765 483 843; x_wconf 82' lang='lat' dir='ltr'>dedit,</span> <span class='ocrx_word' id='word_1_24' title='bbox 506 783 685 851; x_wconf 86' lang='lat' dir='ltr'><strong>cognosces,</strong></span> <span class='ocrx_word' id='word_1_25' title='bbox 710 785 787 848; x_wconf 90' lang='lat' dir='ltr'><strong>quae</strong></span> <span class='ocrx_word' id='word_1_26' title='bbox 809 767 882 832; x_wconf 90' lang='lat' dir='ltr'><strong>solis</strong></span> <span class='ocrx_word' id='word_1_27' title='bbox 906 769 970 832; x_wconf 90' lang='lat' dir='ltr'><strong>eins</strong></span> <span class='ocrx_word' id='word_1_28' title='bbox 993 766 1137 831; x_wconf 84' lang='lat' dir='ltr'><strong>laudibus</strong></span> <span class='ocrx_word' id='word_1_29' title='bbox 1159 767 1274 832; x_wconf 91' lang='lat' dir='ltr'><strong>referta</strong></span> 
     </span>
     <span class='ocr_line' id='line_1_5' title="bbox 137 852 1274 936; baseline -0.003 -17"><span class='ocrx_word' id='word_1_30' title='bbox 137 856 196 919; x_wconf 80' lang='lat' dir='ltr'><strong>est</strong></span> <span class='ocrx_word' id='word_1_31' title='bbox 241 852 349 934; x_wconf 82' lang='lat' dir='ltr'>Neque</span> <span class='ocrx_word' id='word_1_32' title='bbox 377 870 449 916; x_wconf 90' lang='lat' dir='ltr'><strong>vero</strong></span> <span class='ocrx_word' id='word_1_33' title='bbox 479 852 596 917; x_wconf 89' lang='lat' dir='ltr'><strong>latinae</strong></span> <span class='ocrx_word' id='word_1_34' title='bbox 624 852 753 936; x_wconf 83' lang='lat' dir='ltr'>linguae</span> <span class='ocrx_word' id='word_1_35' title='bbox 780 852 894 917; x_wconf 86' lang='lat' dir='ltr'><strong>finibus</strong></span> <span class='ocrx_word' id='word_1_36' title='bbox 923 856 989 918; x_wconf 89' lang='lat' dir='ltr'><strong>eius</strong></span> <span class='ocrx_word' id='word_1_37' title='bbox 1019 853 1119 935; x_wconf 88' lang='lat' dir='ltr'><strong>gloria</strong></span> <span class='ocrx_word' id='word_1_38' title='bbox 1141 854 1274 918; x_wconf 90' lang='lat' dir='ltr'><strong>circnm-</strong></span> 
     </span>
     <span class='ocr_line' id='line_1_6' title="bbox 137 935 1273 1022; baseline -0.004 -18"><span class='ocrx_word' id='word_1_39' title='bbox 137 939 256 1022; x_wconf 83' lang='lat' dir='ltr'><strong>scripta</strong></span> <span class='ocrx_word' id='word_1_40' title='bbox 278 937 354 1014; x_wconf 87' lang='lat' dir='ltr'><strong>erat,</strong></span> <span class='ocrx_word' id='word_1_41' title='bbox 377 935 431 1000; x_wconf 86' lang='lat' dir='ltr'><strong>sed</strong></span> <span class='ocrx_word' id='word_1_42' title='bbox 454 936 493 1001; x_wconf 92' lang='lat' dir='ltr'><strong>ad</strong></span> <span class='ocrx_word' id='word_1_43' title='bbox 508 935 641 1002; x_wconf 81' lang='lat' dir='ltr'><strong>Graecos</strong></span> <span class='ocrx_word' id='word_1_44' title='bbox 665 956 784 1021; x_wconf 92' lang='lat' dir='ltr'><strong>quoqne</strong></span> <span class='ocrx_word' id='word_1_45' title='bbox 807 938 872 1002; x_wconf 91' lang='lat' dir='ltr'><strong>eius</strong></span> <span class='ocrx_word' id='word_1_46' title='bbox 894 936 1001 1002; x_wconf 85' lang='lat' dir='ltr'><strong>laudes</strong></span> <span class='ocrx_word' id='word_1_47' title='bbox 1023 939 1273 1019; x_wconf 85' lang='lat' dir='ltr'><strong>penetraverunt,</strong></span> 
     </span>
     <span class='ocr_line' id='line_1_7' title="bbox 139 1021 1273 1192; baseline -0.002 -104"><span class='ocrx_word' id='word_1_48' title='bbox 139 1045 176 1172; x_wconf 50' lang='grc' dir='ltr'><strong>ἴῃ</strong></span> <span class='ocrx_word' id='word_1_49' title='bbox 198 1021 643 1192; x_wconf 47' lang='lat' dir='ltr'><strong>⁹⁰⁰m¹3¹yss¹1¹¹m⁰¹fyfssib3⁰i3¹⁸</strong></span> <span class='ocrx_word' id='word_1_50' title='bbox 666 1022 777 1172; x_wconf 41' lang='lat' dir='ltr'><strong>malitiis</strong></span> <span class='ocrx_word' id='word_1_51' title='bbox 799 1022 833 1084; x_wconf 94' lang='lat' dir='ltr'><strong>in</strong></span> <span class='ocrx_word' id='word_1_52' title='bbox 855 1021 1149 1171; x_wconf 34' lang='lat' dir='ltr'><strong>mys-,symm</strong></span> <span class='ocrx_word' id='word_1_53' title='bbox 1171 1022 1273 1087; x_wconf 90' lang='lat' dir='ltr'><strong>simil·</strong></span> 
     </span>
     <span class='ocr_line' id='line_1_8' title="bbox 154 1125 982 1184; baseline -0.002 -12"><span class='ocrx_word' id='word_1_54' title='bbox 154 1129 245 1184; x_wconf 87' lang='lat' dir='ltr'><strong>rmus,</strong></span> <span class='ocrx_word' id='word_1_55' title='bbox 306 1126 334 1170; x_wconf 90' lang='lat' dir='ltr'><strong>rs</strong></span> <span class='ocrx_word' id='word_1_56' title='bbox 383 1125 434 1170; x_wconf 92' lang='lat' dir='ltr'><strong>am</strong></span> <span class='ocrx_word' id='word_1_57' title='bbox 551 1126 614 1172; x_wconf 83' lang='lat' dir='ltr'><strong>rnsr</strong></span> <span class='ocrx_word' id='word_1_58' title='bbox 659 1128 708 1173; x_wconf 89' lang='lat' dir='ltr'><strong>cm</strong></span> <span class='ocrx_word' id='word_1_59' title='bbox 793 1127 863 1172; x_wconf 90' lang='lat' dir='ltr'><strong>eum</strong></span> <span class='ocrx_word' id='word_1_60' title='bbox 907 1127 982 1171; x_wconf 86' lang='lat' dir='ltr'><strong>er.</strong></span> 
     </span>
    </p>

    <p class='ocr_par' dir='ltr' id='par_1_4' title="bbox 136 1126 1275 2556">
     <span class='ocr_line' id='line_1_9' title="bbox 242 1126 1274 1275; baseline 0 -18"><span class='ocrx_word' id='word_1_61' title='bbox 242 1126 337 1272; x_wconf 51' lang='lat' dir='ltr'><strong>(tenid,</strong></span> <span class='ocrx_word' id='word_1_62' title='bbox 372 1192 453 1274; x_wconf 92' lang='lat' dir='ltr'><strong>qnod</strong></span> <span class='ocrx_word' id='word_1_63' title='bbox 475 1211 536 1256; x_wconf 95' lang='lat' dir='ltr'><strong>non</strong></span> <span class='ocrx_word' id='word_1_64' title='bbox 559 1128 703 1275; x_wconf 58' lang='lat' dir='ltr'><strong>aeqffilos</strong></span> <span class='ocrx_word' id='word_1_65' title='bbox 726 1193 817 1257; x_wconf 90' lang='lat' dir='ltr'><strong>modo</strong></span> <span class='ocrx_word' id='word_1_66' title='bbox 846 1195 877 1257; x_wconf 90' lang='lat' dir='ltr'><strong>et</strong></span> <span class='ocrx_word' id='word_1_67' title='bbox 899 1192 974 1257; x_wconf 90' lang='lat' dir='ltr'><strong>socii</strong></span> <span class='ocrx_word' id='word_1_68' title='bbox 997 1211 1068 1256; x_wconf 88' lang='lat' dir='ltr'><strong>curu</strong></span> <span class='ocrx_word' id='word_1_69' title='bbox 1090 1193 1183 1257; x_wconf 90' lang='lat' dir='ltr'><strong>latini</strong></span> <span class='ocrx_word' id='word_1_70' title='bbox 1205 1193 1274 1257; x_wconf 92' lang='lat' dir='ltr'><strong>tum</strong></span> 
     </span>
     <span class='ocr_line' id='line_1_10' title="bbox 139 1277 1272 1366; baseline -0.004 -22"><span class='ocrx_word' id='word_1_71' title='bbox 139 1279 261 1366; x_wconf 73' lang='lat' dir='ltr'><strong>groeci,</strong></span> <span class='ocrx_word' id='word_1_72' title='bbox 295 1277 349 1342; x_wconf 89' lang='lat' dir='ltr'><strong>sed</strong></span> <span class='ocrx_word' id='word_1_73' title='bbox 376 1278 573 1342; x_wconf 69' lang='lat' dir='ltr'><strong>infestissimi</strong></span> <span class='ocrx_word' id='word_1_74' title='bbox 604 1298 724 1362; x_wconf 91' lang='lat' dir='ltr'><strong>quoque</strong></span> <span class='ocrx_word' id='word_1_75' title='bbox 753 1277 938 1360; x_wconf 83' lang='lat' dir='ltr'><strong>aduersarii,</strong></span> <span class='ocrx_word' id='word_1_76' title='bbox 974 1278 1034 1359; x_wconf 73' lang='lat' dir='ltr'><strong>qui·</strong></span> <span class='ocrx_word' id='word_1_77' title='bbox 1055 1277 1092 1342; x_wconf 92' lang='lat' dir='ltr'><strong>de</strong></span> <span class='ocrx_word' id='word_1_78' title='bbox 1113 1279 1272 1360; x_wconf 87' lang='lat' dir='ltr'><strong>petitione,</strong></span> 
     </span>
     <span class='ocr_line' id='line_1_11' title="bbox 138 1362 1273 1448; baseline -0.004 -18"><span class='ocrx_word' id='word_1_79' title='bbox 138 1385 233 1448; x_wconf 86' lang='lat' dir='ltr'><strong>qnam</strong></span> <span class='ocrx_word' id='word_1_80' title='bbox 260 1381 316 1446; x_wconf 88' lang='lat' dir='ltr'><strong>pro</strong></span> <span class='ocrx_word' id='word_1_81' title='bbox 345 1380 400 1426; x_wconf 88' lang='lat' dir='ltr'><strong>ara</strong></span> <span class='ocrx_word' id='word_1_82' title='bbox 421 1362 578 1428; x_wconf 80' lang='lat' dir='ltr'><strong>Victoriae</strong></span> <span class='ocrx_word' id='word_1_83' title='bbox 599 1365 724 1440; x_wconf 91' lang='lat' dir='ltr'><strong>habuit,</strong></span> <span class='ocrx_word' id='word_1_84' title='bbox 754 1364 951 1428; x_wconf 80' lang='lat' dir='ltr'><strong>acerbissime</strong></span> <span class='ocrx_word' id='word_1_85' title='bbox 978 1381 1049 1426; x_wconf 91' lang='lat' dir='ltr'><strong>cum</strong></span> <span class='ocrx_word' id='word_1_86' title='bbox 1072 1381 1106 1427; x_wconf 91' lang='lat' dir='ltr'><strong>eo</strong></span> <span class='ocrx_word' id='word_1_87' title='bbox 1134 1363 1273 1428; x_wconf 88' lang='lat' dir='ltr'><strong>decerta-</strong></span> 
     </span>
     <span class='ocr_line' id='line_1_12' title="bbox 139 1448 1272 1532; baseline -0.003 -17"><span class='ocrx_word' id='word_1_88' title='bbox 139 1451 251 1516; x_wconf 88' lang='lat' dir='ltr'><strong>rerant</strong></span> <span class='ocrx_word' id='word_1_89' title='bbox 273 1453 303 1512; x_wconf 90' lang='lat' dir='ltr'><strong>et</strong></span> <span class='ocrx_word' id='word_1_90' title='bbox 329 1448 602 1512; x_wconf 79' lang='lat' dir='ltr'><strong>vehementissime</strong></span> <span class='ocrx_word' id='word_1_91' title='bbox 625 1450 659 1512; x_wconf 94' lang='lat' dir='ltr'><strong>in</strong></span> <span class='ocrx_word' id='word_1_92' title='bbox 682 1469 752 1513; x_wconf 88' lang='lat' dir='ltr'><strong>eum</strong></span> <span class='ocrx_word' id='word_1_93' title='bbox 775 1449 888 1514; x_wconf 87' lang='lat' dir='ltr'><strong>invecti</strong></span> <span class='ocrx_word' id='word_1_94' title='bbox 913 1452 1018 1526; x_wconf 91' lang='lat' dir='ltr'><strong>erant,</strong></span> <span class='ocrx_word' id='word_1_95' title='bbox 1049 1467 1146 1532; x_wconf 87' lang='lat' dir='ltr'><strong>aequo</strong></span> <span class='ocrx_word' id='word_1_96' title='bbox 1169 1449 1272 1513; x_wconf 90' lang='lat' dir='ltr'><strong>animo</strong></span> 
     </span>
     <span class='ocr_line' id='line_1_13' title="bbox 138 1532 1273 1616; baseline -0.002 -16"><span class='ocrx_word' id='word_1_97' title='bbox 138 1552 278 1600; x_wconf 87' lang='lat' dir='ltr'><strong>summas</strong></span> <span class='ocrx_word' id='word_1_98' title='bbox 301 1533 329 1598; x_wconf 92' lang='lat' dir='ltr'><strong>ei</strong></span> <span class='ocrx_word' id='word_1_99' title='bbox 350 1534 458 1597; x_wconf 86' lang='lat' dir='ltr'><strong>laudes</strong></span> <span class='ocrx_word' id='word_1_100' title='bbox 487 1534 638 1599; x_wconf 87' lang='lat' dir='ltr'><strong>oratorias</strong></span> <span class='ocrx_word' id='word_1_101' title='bbox 661 1533 884 1610; x_wconf 90' lang='lat' dir='ltr'><strong>concedebant,</strong></span> <span class='ocrx_word' id='word_1_102' title='bbox 916 1535 1012 1597; x_wconf 92' lang='lat' dir='ltr'><strong>immo</strong></span> <span class='ocrx_word' id='word_1_103' title='bbox 1044 1532 1147 1616; x_wconf 88' lang='lat' dir='ltr'><strong>planis</strong></span> <span class='ocrx_word' id='word_1_104' title='bbox 1170 1534 1273 1598; x_wconf 91' lang='lat' dir='ltr'><strong>verbis</strong></span> 
     </span>
     <span class='ocr_line' id='line_1_14' title="bbox 138 1617 1274 1702; baseline -0.001 -19"><span class='ocrx_word' id='word_1_105' title='bbox 138 1640 194 1685; x_wconf 88' lang='lat' dir='ltr'><strong>sna</strong></span> <span class='ocrx_word' id='word_1_106' title='bbox 215 1621 325 1702; x_wconf 88' lang='lat' dir='ltr'><strong>sponte</strong></span> <span class='ocrx_word' id='word_1_107' title='bbox 348 1619 445 1682; x_wconf 86' lang='lat' dir='ltr'><strong>etiam</strong></span> <span class='ocrx_word' id='word_1_108' title='bbox 467 1639 538 1684; x_wconf 90' lang='lat' dir='ltr'><strong>eum</strong></span> <span class='ocrx_word' id='word_1_109' title='bbox 562 1620 769 1684; x_wconf 79' lang='lat' dir='ltr'>celebrabant.</span> <span class='ocrx_word' id='word_1_110' title='bbox 815 1617 1009 1700; x_wconf 77' lang='lat' dir='ltr'><strong>Ecquidnam</strong></span> <span class='ocrx_word' id='word_1_111' title='bbox 1037 1617 1203 1700; x_wconf 84' lang='lat' dir='ltr'><strong>gloriosius</strong></span> <span class='ocrx_word' id='word_1_112' title='bbox 1226 1624 1274 1684; x_wconf 90' lang='lat' dir='ltr'><strong>est</strong></span> 
     </span>
     <span class='ocr_line' id='line_1_15' title="bbox 137 1703 1274 1802; baseline -0.003 -32"><span class='ocrx_word' id='word_1_113' title='bbox 137 1707 198 1783; x_wconf 89' lang='lat' dir='ltr'><strong>eis,</strong></span> <span class='ocrx_word' id='word_1_114' title='bbox 221 1722 300 1786; x_wconf 90' lang='lat' dir='ltr'><strong>quae</strong></span> <span class='ocrx_word' id='word_1_115' title='bbox 322 1705 508 1768; x_wconf 87' lang='lat' dir='ltr'><strong>Ambrosius</strong></span> <span class='ocrx_word' id='word_1_116' title='bbox 535 1705 627 1769; x_wconf 89' lang='lat' dir='ltr'><strong>initio</strong></span> <span class='ocrx_word' id='word_1_117' title='bbox 651 1705 776 1770; x_wconf 90' lang='lat' dir='ltr'><strong>secundi</strong></span> <span class='ocrx_word' id='word_1_118' title='bbox 799 1703 900 1768; x_wconf 90' lang='lat' dir='ltr'><strong>libelli</strong></span> <span class='ocrx_word' id='word_1_119' title='bbox 924 1705 1037 1801; x_wconf 35' lang='lat' dir='ltr'><strong>contra·</strong></span> <span class='ocrx_word' id='word_1_120' title='bbox 1053 1703 1274 1802; x_wconf 81' lang='lat' dir='ltr'><strong>Symmachum</strong></span> 
     </span>
     <span class='ocr_line' id='line_1_16' title="bbox 136 1789 1274 1957; baseline -0.001 -17"><span class='ocrx_word' id='word_1_121' title='bbox 136 1789 725 1956; x_wconf 56' lang='lat' dir='ltr'><strong>statutusque?rtuu</strong></span> <span class='ocrx_word' id='word_1_122' title='bbox 743 1791 939 1939; x_wconf 76' lang='lat' dir='ltr'><strong>utlusu</strong></span> <span class='ocrx_word' id='word_1_123' title='bbox 960 1790 1274 1957; x_wconf 69' lang='lat' dir='ltr'><strong>tutttuttr</strong></span> 
     </span>
     <span class='ocr_line' id='line_1_17' title="bbox 137 1959 1275 2043; baseline -0.003 -16"><span class='ocrx_word' id='word_1_124' title='bbox 137 1961 241 2027; x_wconf 90' lang='lat' dir='ltr'><strong>dentis</strong></span> <span class='ocrx_word' id='word_1_125' title='bbox 273 1959 387 2043; x_wconf 89' lang='lat' dir='ltr'><strong>eloquii</strong></span> <span class='ocrx_word' id='word_1_126' title='bbox 419 1961 505 2023; x_wconf 86' lang='lat' dir='ltr'><strong>velut</strong></span> <span class='ocrx_word' id='word_1_127' title='bbox 539 1963 651 2026; x_wconf 90' lang='lat' dir='ltr'><strong>coloris</strong></span> <span class='ocrx_word' id='word_1_128' title='bbox 684 1960 811 2042; x_wconf 74' lang='lat' dir='ltr'><strong>pretiosi</strong></span> <span class='ocrx_word' id='word_1_129' title='bbox 845 1978 967 2024; x_wconf 88' lang='lat' dir='ltr'><strong>corusco</strong></span> <span class='ocrx_word' id='word_1_130' title='bbox 1001 1961 1157 2024; x_wconf 83' lang='lat' dir='ltr'><strong>resultans</strong></span> <span class='ocrx_word' id='word_1_131' title='bbox 1192 1961 1275 2042; x_wconf 84' lang='lat' dir='ltr'><strong>capit</strong></span> 
     </span>
     <span class='ocr_line' id='line_1_18' title="bbox 136 2044 1274 2128; baseline -0.004 -17"><span class='ocrx_word' id='word_1_132' title='bbox 136 2047 316 2111; x_wconf 89' lang='lat' dir='ltr'><strong>animorum</strong></span> <span class='ocrx_word' id='word_1_133' title='bbox 339 2045 443 2108; x_wconf 90' lang='lat' dir='ltr'><strong>oculos</strong></span> <span class='ocrx_word' id='word_1_134' title='bbox 466 2046 566 2128; x_wconf 88' lang='lat' dir='ltr'><strong>specie</strong></span> <span class='ocrx_word' id='word_1_135' title='bbox 588 2046 716 2111; x_wconf 88' lang='lat' dir='ltr'><strong>formosi</strong></span> <span class='ocrx_word' id='word_1_136' title='bbox 739 2046 868 2126; x_wconf 84' lang='lat' dir='ltr'><strong>visuque</strong></span> <span class='ocrx_word' id='word_1_137' title='bbox 891 2045 1106 2127; x_wconf 87' lang='lat' dir='ltr'><strong>perstringit.“</strong></span> <span class='ocrx_word' id='word_1_138' title='bbox 1130 2044 1274 2109; x_wconf 91' lang='lat' dir='ltr'><strong>Pruden-</strong></span> 
     </span>
     <span class='ocr_line' id='line_1_19' title="bbox 136 2129 1274 2213; baseline -0.002 -17"><span class='ocrx_word' id='word_1_139' title='bbox 136 2135 213 2210; x_wconf 85' lang='lat' dir='ltr'><strong>tius,</strong></span> <span class='ocrx_word' id='word_1_140' title='bbox 239 2132 275 2194; x_wconf 92' lang='lat' dir='ltr'><strong>ut</strong></span> <span class='ocrx_word' id='word_1_141' title='bbox 296 2131 430 2194; x_wconf 89' lang='lat' dir='ltr'><strong>altorum</strong></span> <span class='ocrx_word' id='word_1_142' title='bbox 445 2130 559 2194; x_wconf 86' lang='lat' dir='ltr'><strong>testem</strong></span> <span class='ocrx_word' id='word_1_143' title='bbox 574 2132 608 2194; x_wconf 91' lang='lat' dir='ltr'><strong>in</strong></span> <span class='ocrx_word' id='word_1_144' title='bbox 623 2132 763 2196; x_wconf 89' lang='lat' dir='ltr'><strong>medium</strong></span> <span class='ocrx_word' id='word_1_145' title='bbox 777 2129 940 2213; x_wconf 87' lang='lat' dir='ltr'><strong>proferam,</strong></span> <span class='ocrx_word' id='word_1_146' title='bbox 964 2129 1146 2212; x_wconf 85' lang='lat' dir='ltr'><strong>priusquam</strong></span> <span class='ocrx_word' id='word_1_147' title='bbox 1170 2129 1274 2210; x_wconf 91' lang='lat' dir='ltr'><strong>ipsum</strong></span> 
     </span>
     <span class='ocr_line' id='line_1_20' title="bbox 137 2214 1274 2301; baseline -0.001 -22"><span class='ocrx_word' id='word_1_148' title='bbox 137 2218 359 2301; x_wconf 83' lang='lat' dir='ltr'><strong>argumentum</strong></span> <span class='ocrx_word' id='word_1_149' title='bbox 392 2215 453 2278; x_wconf 91' lang='lat' dir='ltr'><strong>sibi</strong></span> <span class='ocrx_word' id='word_1_150' title='bbox 481 2217 670 2298; x_wconf 88' lang='lat' dir='ltr'><strong>propositum</strong></span> <span class='ocrx_word' id='word_1_151' title='bbox 700 2216 807 2296; x_wconf 85' lang='lat' dir='ltr'><strong>adeat,</strong></span> <span class='ocrx_word' id='word_1_152' title='bbox 842 2235 903 2280; x_wconf 94' lang='lat' dir='ltr'><strong>non</strong></span> <span class='ocrx_word' id='word_1_153' title='bbox 932 2214 1025 2279; x_wconf 90' lang='lat' dir='ltr'><strong>modo</strong></span> <span class='ocrx_word' id='word_1_154' title='bbox 1055 2215 1208 2295; x_wconf 87' lang='lat' dir='ltr'><strong>imparem</strong></span> <span class='ocrx_word' id='word_1_155' title='bbox 1241 2234 1274 2278; x_wconf 91' lang='lat' dir='ltr'><strong>se</strong></span> 
     </span>
     <span class='ocr_line' id='line_1_21' title="bbox 138 2299 1273 2386; baseline -0.004 -18"><span class='ocrx_word' id='word_1_156' title='bbox 138 2300 318 2386; x_wconf 81' lang='lat' dir='ltr'><strong>Symmachi</strong></span> <span class='ocrx_word' id='word_1_157' title='bbox 346 2299 509 2365; x_wconf 78' lang='lat' dir='ltr'><strong>facundiae</strong></span> <span class='ocrx_word' id='word_1_158' title='bbox 538 2303 692 2384; x_wconf 86' lang='lat' dir='ltr'><strong>appellat,</strong></span> <span class='ocrx_word' id='word_1_159' title='bbox 727 2305 780 2366; x_wconf 90' lang='lat' dir='ltr'><strong>sed</strong></span> <span class='ocrx_word' id='word_1_160' title='bbox 808 2300 868 2383; x_wconf 85' lang='lat' dir='ltr'><strong>ipsi</strong></span> <span class='ocrx_word' id='word_1_161' title='bbox 896 2301 1029 2383; x_wconf 85' lang='lat' dir='ltr'><strong>gloriam</strong></span> <span class='ocrx_word' id='word_1_162' title='bbox 1058 2299 1174 2363; x_wconf 93' lang='lat' dir='ltr'><strong>summi</strong></span> <span class='ocrx_word' id='word_1_163' title='bbox 1203 2319 1273 2364; x_wconf 94' lang='lat' dir='ltr'><strong>ora-</strong></span> 
     </span>
     <span class='ocr_line' id='line_1_22' title="bbox 137 2385 1272 2469; baseline -0.004 -16"><span class='ocrx_word' id='word_1_164' title='bbox 137 2389 213 2453; x_wconf 85' lang='lat' dir='ltr'><strong>toris</strong></span> <span class='ocrx_word' id='word_1_165' title='bbox 236 2403 334 2467; x_wconf 87' lang='lat' dir='ltr'><strong>aequo</strong></span> <span class='ocrx_word' id='word_1_166' title='bbox 364 2386 469 2450; x_wconf 89' lang='lat' dir='ltr'><strong>animo</strong></span> <span class='ocrx_word' id='word_1_167' title='bbox 497 2387 650 2452; x_wconf 84' lang='lat' dir='ltr'><strong>attribuit.</strong></span> <span class='ocrx_word' id='word_1_168' title='bbox 697 2386 771 2450; x_wconf 84' lang='lat' dir='ltr'><strong>Slus</strong></span> <span class='ocrx_word' id='word_1_169' title='bbox 794 2405 901 2450; x_wconf 88' lang='lat' dir='ltr'><strong>versus</strong></span> <span class='ocrx_word' id='word_1_170' title='bbox 924 2389 948 2452; x_wconf 93' lang='grc' dir='ltr'><strong>Ι.</strong></span> <span class='ocrx_word' id='word_1_171' title='bbox 973 2386 1036 2450; x_wconf 87' lang='grc'><strong>633</strong></span> <span class='ocrx_word' id='word_1_172' title='bbox 1059 2404 1125 2469; x_wconf 85' lang='lat' dir='ltr'><strong>sqq.</strong></span> <span class='ocrx_word' id='word_1_173' title='bbox 1149 2385 1209 2450; x_wconf 86' lang='lat' dir='ltr'><strong>hac</strong></span> <span class='ocrx_word' id='word_1_174' title='bbox 1238 2385 1272 2448; x_wconf 93' lang='lat' dir='ltr'><strong>in</strong></span> 
     </span>
     <span class='ocr_line' id='line_1_23' title="bbox 138 2471 807 2556; baseline -0.004 -18"><span class='ocrx_word' id='word_1_175' title='bbox 138 2471 320 2556; x_wconf 88' lang='lat' dir='ltr'><strong>quaestione</strong></span> <span class='ocrx_word' id='word_1_176' title='bbox 341 2472 611 2553; x_wconf 87' lang='lat' dir='ltr'><strong>praetermittendi</strong></span> <span class='ocrx_word' id='word_1_177' title='bbox 634 2491 693 2537; x_wconf 91' lang='lat' dir='ltr'><strong>non</strong></span> <span class='ocrx_word' id='word_1_178' title='bbox 716 2473 807 2536; x_wconf 89' lang='lat' dir='ltr'><strong>sunt:</strong></span> 
     </span>
    </p>

    <p class='ocr_par' dir='ltr' id='par_1_5' title="bbox 266 2555 1054 2643">
     <span class='ocr_line' id='line_1_24' title="bbox 266 2555 1054 2643; baseline -0.004 -21"><span class='ocrx_word' id='word_1_179' title='bbox 266 2555 309 2634; x_wconf 86' lang='lat'><strong>,0</strong></span> <span class='ocrx_word' id='word_1_180' title='bbox 332 2557 476 2639; x_wconf 89' lang='lat' dir='ltr'><strong>linguam</strong></span> <span class='ocrx_word' id='word_1_181' title='bbox 498 2560 576 2622; x_wconf 93' lang='lat' dir='ltr'><strong>miro</strong></span> <span class='ocrx_word' id='word_1_182' title='bbox 601 2559 765 2622; x_wconf 87' lang='lat' dir='ltr'><strong>verborum</strong></span> <span class='ocrx_word' id='word_1_183' title='bbox 779 2557 873 2643; x_wconf 24' lang='lat' dir='ltr'><strong>*fonte</strong></span> <span class='ocrx_word' id='word_1_184' title='bbox 895 2556 1054 2632; x_wconf 89' lang='lat' dir='ltr'><strong>fluentem,</strong></span> 
     </span>
    </p>

    <p class='ocr_par' dir='ltr' id='par_1_6' title="bbox 262 2641 988 2725">
     <span class='ocr_line' id='line_1_25' title="bbox 262 2641 988 2725; baseline -0.001 -19"><span class='ocrx_word' id='word_1_185' title='bbox 262 2641 397 2706; x_wconf 85' lang='lat' dir='ltr'><strong>Romani</strong></span> <span class='ocrx_word' id='word_1_186' title='bbox 420 2643 510 2706; x_wconf 90' lang='lat' dir='ltr'><strong>decus</strong></span> <span class='ocrx_word' id='word_1_187' title='bbox 534 2643 660 2725; x_wconf 92' lang='lat' dir='ltr'><strong>eloquii,</strong></span> <span class='ocrx_word' id='word_1_188' title='bbox 683 2644 733 2707; x_wconf 90' lang='lat' dir='ltr'><strong>cui</strong></span> <span class='ocrx_word' id='word_1_189' title='bbox 756 2643 846 2706; x_wconf 91' lang='lat' dir='ltr'><strong>cedat</strong></span> <span class='ocrx_word' id='word_1_190' title='bbox 868 2644 900 2706; x_wconf 92' lang='lat' dir='ltr'><strong>et</strong></span> <span class='ocrx_word' id='word_1_191' title='bbox 922 2643 988 2725; x_wconf 90' lang='lat' dir='ltr'><strong>ipse</strong></span> 
     </span>
    </p>

    <p class='ocr_par' dir='ltr' id='par_1_7' title="bbox 263 2726 1057 2809">
     <span class='ocr_line' id='line_1_26' title="bbox 263 2726 1057 2809; baseline 0.003 -20"><span class='ocrx_word' id='word_1_192' title='bbox 263 2726 395 2809; x_wconf 85' lang='lat' dir='ltr'><strong>Tullius,</strong></span> <span class='ocrx_word' id='word_1_193' title='bbox 419 2727 478 2792; x_wconf 92' lang='lat' dir='ltr'><strong>has</strong></span> <span class='ocrx_word' id='word_1_194' title='bbox 501 2728 605 2791; x_wconf 88' lang='lat' dir='ltr'><strong>fundit</strong></span> <span class='ocrx_word' id='word_1_195' title='bbox 628 2730 713 2793; x_wconf 84' lang='lat' dir='ltr'><strong>dives</strong></span> <span class='ocrx_word' id='word_1_196' title='bbox 737 2728 883 2792; x_wconf 88' lang='lat' dir='ltr'><strong>facundia</strong></span> <span class='ocrx_word' id='word_1_197' title='bbox 906 2745 1057 2809; x_wconf 89' lang='lat' dir='ltr'><strong>gemmas,</strong></span> 
     </span>
    </p>

    <p class='ocr_par' dir='ltr' id='par_1_8' title="bbox 154 2810 1113 2895">
     <span class='ocr_line' id='line_1_27' title="bbox 154 2810 1113 2895; baseline 0.001 -19"><span class='ocrx_word' id='word_1_198' title='bbox 154 2871 157 2876; x_wconf 90' lang='lat'>.</span> <span class='ocrx_word' id='word_1_199' title='bbox 262 2810 305 2877; x_wconf 86' lang='lat' dir='ltr'><strong>Os</strong></span> <span class='ocrx_word' id='word_1_200' title='bbox 329 2813 460 2895; x_wconf 90' lang='lat' dir='ltr'><strong>dignum</strong></span> <span class='ocrx_word' id='word_1_201' title='bbox 484 2815 608 2878; x_wconf 89' lang='lat' dir='ltr'><strong>aeterno</strong></span> <span class='ocrx_word' id='word_1_202' title='bbox 631 2814 757 2877; x_wconf 90' lang='lat' dir='ltr'><strong>tantum</strong></span> <span class='ocrx_word' id='word_1_203' title='bbox 781 2813 861 2895; x_wconf 90' lang='lat' dir='ltr'><strong>quod</strong></span> <span class='ocrx_word' id='word_1_204' title='bbox 883 2811 1005 2895; x_wconf 85' lang='lat' dir='ltr'><strong>fulgeat</strong></span> <span class='ocrx_word' id='word_1_205' title='bbox 1028 2830 1113 2884; x_wconf 86' lang='lat' dir='ltr'><strong>auro,</strong></span> 
     </span>
    </p>

    <p class='ocr_par' dir='ltr' id='par_1_9' title="bbox 262 2897 1098 2975">
     <span class='ocr_line' id='line_1_28' title="bbox 262 2897 1098 2975; baseline 0 -13"><span class='ocrx_word' id='word_1_206' title='bbox 262 2897 295 2962; x_wconf 90' lang='lat' dir='ltr'><strong>Si</strong></span> <span class='ocrx_word' id='word_1_207' title='bbox 318 2899 429 2962; x_wconf 87' lang='lat' dir='ltr'><strong>mallet</strong></span> <span class='ocrx_word' id='word_1_208' title='bbox 451 2899 579 2963; x_wconf 85' lang='lat' dir='ltr'><strong>laudare</strong></span> <span class='ocrx_word' id='word_1_209' title='bbox 602 2900 713 2975; x_wconf 90' lang='lat' dir='ltr'><strong>Deum,</strong></span> <span class='ocrx_word' id='word_1_210' title='bbox 738 2899 788 2962; x_wconf 91' lang='lat' dir='ltr'><strong>cui</strong></span> <span class='ocrx_word' id='word_1_211' title='bbox 810 2898 935 2962; x_wconf 86' lang='lat' dir='ltr'><strong>sordide</strong></span> <span class='ocrx_word' id='word_1_212' title='bbox 956 2902 1098 2962; x_wconf 89' lang='lat' dir='ltr'><strong>monstra</strong></span> 
     </span>
    </p>

    <p class='ocr_par' dir='ltr' id='par_1_10' title="bbox 263 2982 1126 3066">
     <span class='ocr_line' id='line_1_29' title="bbox 263 2982 1126 3066; baseline -0.001 -20"><span class='ocrx_word' id='word_1_213' title='bbox 263 2982 418 3048; x_wconf 87' lang='lat' dir='ltr'><strong>Praetulit</strong></span> <span class='ocrx_word' id='word_1_214' title='bbox 440 2986 471 3048; x_wconf 92' lang='lat' dir='ltr'><strong>et</strong></span> <span class='ocrx_word' id='word_1_215' title='bbox 494 2983 646 3066; x_wconf 85' lang='lat' dir='ltr'><strong>liquidam</strong></span> <span class='ocrx_word' id='word_1_216' title='bbox 668 2984 835 3048; x_wconf 83' lang='lat' dir='ltr'><strong>temeravit</strong></span> <span class='ocrx_word' id='word_1_217' title='bbox 858 2984 988 3048; x_wconf 93' lang='lat' dir='ltr'><strong>crimine</strong></span> <span class='ocrx_word' id='word_1_218' title='bbox 1011 3002 1126 3057; x_wconf 85' lang='lat' dir='ltr'><strong>vocem,</strong></span> 
     </span>
    </p>

    <p class='ocr_par' dir='ltr' id='par_1_11' title="bbox 264 3069 1144 3152">
     <span class='ocr_line' id='line_1_30' title="bbox 264 3069 1144 3152; baseline -0.002 -20"><span class='ocrx_word' id='word_1_219' title='bbox 264 3070 358 3132; x_wconf 91' lang='lat' dir='ltr'><strong>Haud</strong></span> <span class='ocrx_word' id='word_1_220' title='bbox 380 3069 482 3146; x_wconf 89' lang='lat' dir='ltr'><strong>aliter,</strong></span> <span class='ocrx_word' id='word_1_221' title='bbox 507 3089 601 3152; x_wconf 86' lang='lat' dir='ltr'><strong>quam</strong></span> <span class='ocrx_word' id='word_1_222' title='bbox 624 3070 651 3134; x_wconf 93' lang='lat' dir='ltr'><strong>si</strong></span> <span class='ocrx_word' id='word_1_223' title='bbox 674 3069 783 3133; x_wconf 89' lang='lat' dir='ltr'><strong>rastris</strong></span> <span class='ocrx_word' id='word_1_224' title='bbox 806 3069 875 3151; x_wconf 90' lang='lat' dir='ltr'><strong>quis</strong></span> <span class='ocrx_word' id='word_1_225' title='bbox 897 3070 998 3132; x_wconf 89' lang='lat' dir='ltr'><strong>tentet</strong></span> <span class='ocrx_word' id='word_1_226' title='bbox 1019 3070 1144 3133; x_wconf 88' lang='lat' dir='ltr'><strong>eburnis</strong></span> 
     </span>
    </p>

    <p class='ocr_par' dir='ltr' id='par_1_12' title="bbox 264 3152 1057 3235">
     <span class='ocr_line' id='line_1_31' title="bbox 264 3152 1057 3235; baseline -0.001 -18"><span class='ocrx_word' id='word_1_227' title='bbox 264 3152 435 3218; x_wconf 84' lang='lat' dir='ltr'><strong>Coenosum</strong></span> <span class='ocrx_word' id='word_1_228' title='bbox 457 3174 580 3220; x_wconf 79' lang='lat' dir='ltr'><strong>versam</strong></span> <span class='ocrx_word' id='word_1_229' title='bbox 603 3157 715 3232; x_wconf 91' lang='lat' dir='ltr'><strong>solum,</strong></span> <span class='ocrx_word' id='word_1_230' title='bbox 739 3155 875 3235; x_wconf 90' lang='lat' dir='ltr'><strong>limoque</strong></span> <span class='ocrx_word' id='word_1_231' title='bbox 897 3155 1057 3218; x_wconf 87' lang='lat' dir='ltr'><strong>madentes</strong></span> 
     </span>
    </p>

    <p class='ocr_par' dir='ltr' id='par_1_13' title="bbox 265 3239 1022 3322">
     <span class='ocr_line' id='line_1_32' title="bbox 265 3239 1022 3322; baseline -0.003 -20"><span class='ocrx_word' id='word_1_232' title='bbox 265 3239 410 3303; x_wconf 80' lang='lat' dir='ltr'><strong>Excolere</strong></span> <span class='ocrx_word' id='word_1_233' title='bbox 432 3240 565 3304; x_wconf 85' lang='lat' dir='ltr'><strong>aureolis</strong></span> <span class='ocrx_word' id='word_1_234' title='bbox 588 3241 616 3305; x_wconf 91' lang='lat' dir='ltr'><strong>si</strong></span> <span class='ocrx_word' id='word_1_235' title='bbox 638 3241 718 3305; x_wconf 86' lang='lat' dir='ltr'><strong>forte</strong></span> <span class='ocrx_word' id='word_1_236' title='bbox 741 3240 898 3322; x_wconf 89' lang='lat' dir='ltr'><strong>ligonibus</strong></span> <span class='ocrx_word' id='word_1_237' title='bbox 922 3239 1022 3302; x_wconf 89' lang='lat' dir='ltr'><strong>ulvas.</strong></span> 
     </span>
    </p>

    <p class='ocr_par' dir='ltr' id='par_1_14' title="bbox 264 3323 1224 3406">
     <span class='ocr_line' id='line_1_33' title="bbox 264 3323 1224 3406; baseline 0 -20"><span class='ocrx_word' id='word_1_238' title='bbox 264 3323 462 3406; x_wconf 88' lang='lat' dir='ltr'><strong>Splendorem</strong></span> <span class='ocrx_word' id='word_1_239' title='bbox 487 3327 588 3390; x_wconf 88' lang='lat' dir='ltr'><strong>dentis</strong></span> <span class='ocrx_word' id='word_1_240' title='bbox 611 3326 706 3390; x_wconf 88' lang='lat' dir='ltr'><strong>nitidi</strong></span> <span class='ocrx_word' id='word_1_241' title='bbox 729 3325 845 3389; x_wconf 88' lang='lat' dir='ltr'><strong>scrobis</strong></span> <span class='ocrx_word' id='word_1_242' title='bbox 867 3323 1011 3406; x_wconf 86' lang='lat' dir='ltr'><strong>inquinat</strong></span> <span class='ocrx_word' id='word_1_243' title='bbox 1034 3327 1111 3393; x_wconf 82' lang='lat' dir='ltr'><strong>atra,</strong></span> <span class='ocrx_word' id='word_1_244' title='bbox 1218 3345 1224 3352; x_wconf 88' lang='grc'>·</span> 
     </span>
    </p>

    <p class='ocr_par' dir='ltr' id='par_1_15' title="bbox 262 3408 1058 3494">
     <span class='ocr_line' id='line_1_34' title="bbox 262 3408 1058 3494; baseline 0.001 -23"><span class='ocrx_word' id='word_1_245' title='bbox 262 3408 461 3491; x_wconf 70' lang='lat' dir='ltr'><strong>depretiem</strong></span> <span class='ocrx_word' id='word_1_246' title='bbox 484 3411 565 3475; x_wconf 88' lang='lat' dir='ltr'><strong>acies</strong></span> <span class='ocrx_word' id='word_1_247' title='bbox 589 3412 750 3494; x_wconf 89' lang='lat' dir='ltr'><strong>squalente</strong></span> <span class='ocrx_word' id='word_1_248' title='bbox 773 3409 876 3474; x_wconf 88' lang='lat' dir='ltr'><strong>sordet</strong></span> <span class='ocrx_word' id='word_1_249' title='bbox 899 3411 932 3474; x_wconf 93' lang='lat' dir='ltr'><strong>in</strong></span> <span class='ocrx_word' id='word_1_250' title='bbox 957 3414 1058 3473; x_wconf 84' lang='lat' dir='ltr'><strong>arvo.“</strong></span> 
     </span>
    </p>

    <p class='ocr_par' dir='ltr' id='par_1_16' title="bbox 242 3495 570 3577">
     <span class='ocr_line' id='line_1_35' title="bbox 242 3495 570 3577; baseline 0.015 -20"><span class='ocrx_word' id='word_1_251' title='bbox 242 3495 422 3577; x_wconf 87' lang='lat' dir='ltr'><strong>iterumque</strong></span> <span class='ocrx_word' id='word_1_252' title='bbox 444 3495 469 3559; x_wconf 92' lang='grc' dir='ltr'><strong>Ι.</strong></span> <span class='ocrx_word' id='word_1_253' title='bbox 493 3497 570 3562; x_wconf 82' lang='lat'><strong>649:</strong></span> 
     </span>
    </p>

    <p class='ocr_par' dir='ltr' id='par_1_17' title="bbox 263 3579 1081 3663">
     <span class='ocr_line' id='line_1_36' title="bbox 263 3579 1081 3663; baseline -0.001 -19"><span class='ocrx_word' id='word_1_254' title='bbox 263 3579 428 3656; x_wconf 85' lang='lat' dir='ltr'><strong>,Jnlaesus</strong></span> <span class='ocrx_word' id='word_1_255' title='bbox 451 3584 578 3646; x_wconf 89' lang='lat' dir='ltr'><strong>maneat</strong></span> <span class='ocrx_word' id='word_1_256' title='bbox 600 3581 679 3646; x_wconf 92' lang='lat' dir='ltr'><strong>liber</strong></span> <span class='ocrx_word' id='word_1_257' title='bbox 702 3583 914 3663; x_wconf 85' lang='lat' dir='ltr'><strong>excellensque</strong></span> <span class='ocrx_word' id='word_1_258' title='bbox 936 3579 1081 3644; x_wconf 90' lang='lat' dir='ltr'><strong>volumen</strong></span> 
     </span>
    </p>

    <p class='ocr_par' dir='ltr' id='par_1_18' title="bbox 265 3665 1024 3747">
     <span class='ocr_line' id='line_1_37' title="bbox 265 3665 1024 3747; baseline -0.003 -17"><span class='ocrx_word' id='word_1_259' title='bbox 265 3665 412 3731; x_wconf 91' lang='lat' dir='ltr'><strong>Obtineat</strong></span> <span class='ocrx_word' id='word_1_260' title='bbox 434 3669 556 3747; x_wconf 87' lang='lat' dir='ltr'><strong>partam</strong></span> <span class='ocrx_word' id='word_1_261' title='bbox 580 3666 701 3732; x_wconf 91' lang='lat' dir='ltr'><strong>dicendi</strong></span> <span class='ocrx_word' id='word_1_262' title='bbox 724 3668 856 3734; x_wconf 84' lang='lat' dir='ltr'><strong>fulmine</strong></span> <span class='ocrx_word' id='word_1_263' title='bbox 878 3666 1024 3730; x_wconf 79' lang='lat' dir='ltr'><strong>famam.“</strong></span> 
     </span>
    </p>

    <p class='ocr_par' dir='ltr' id='par_1_19' title="bbox 138 3750 1273 4092">
     <span class='ocr_line' id='line_1_38' title="bbox 241 3750 1273 3835; baseline -0.002 -21"><span class='ocrx_word' id='word_1_264' title='bbox 241 3750 326 3831; x_wconf 81' lang='lat' dir='ltr'><strong>Quae</strong></span> <span class='ocrx_word' id='word_1_265' title='bbox 349 3751 559 3829; x_wconf 85' lang='lat' dir='ltr'><strong>laudationes,</strong></span> <span class='ocrx_word' id='word_1_266' title='bbox 593 3753 735 3835; x_wconf 89' lang='lat' dir='ltr'><strong>quamvis</strong></span> <span class='ocrx_word' id='word_1_267' title='bbox 759 3753 853 3816; x_wconf 91' lang='lat' dir='ltr'><strong>nimis</strong></span> <span class='ocrx_word' id='word_1_268' title='bbox 877 3753 985 3816; x_wconf 87' lang='lat' dir='ltr'><strong>anctae</strong></span> <span class='ocrx_word' id='word_1_269' title='bbox 1008 3752 1040 3815; x_wconf 89' lang='lat' dir='ltr'><strong>et</strong></span> <span class='ocrx_word' id='word_1_270' title='bbox 1062 3751 1273 3834; x_wconf 84' lang='lat' dir='ltr'><strong>exaggeratae,</strong></span> 
     </span>
     <span class='ocr_line' id='line_1_39' title="bbox 138 3835 1273 3919; baseline -0.003 -19"><span class='ocrx_word' id='word_1_271' title='bbox 138 3855 173 3900; x_wconf 88' lang='lat' dir='ltr'><strong>eo</strong></span> <span class='ocrx_word' id='word_1_272' title='bbox 205 3840 310 3901; x_wconf 90' lang='lat' dir='ltr'><strong>tamen</strong></span> <span class='ocrx_word' id='word_1_273' title='bbox 338 3838 464 3901; x_wconf 90' lang='lat' dir='ltr'><strong>maioris</strong></span> <span class='ocrx_word' id='word_1_274' title='bbox 492 3839 636 3902; x_wconf 88' lang='lat' dir='ltr'><strong>videntur</strong></span> <span class='ocrx_word' id='word_1_275' title='bbox 669 3839 835 3914; x_wconf 83' lang='lat' dir='ltr'><strong>momenti,</strong></span> <span class='ocrx_word' id='word_1_276' title='bbox 872 3838 952 3919; x_wconf 90' lang='lat' dir='ltr'><strong>quod</strong></span> <span class='ocrx_word' id='word_1_277' title='bbox 982 3838 1020 3901; x_wconf 88' lang='lat' dir='ltr'><strong>ab</strong></span> <span class='ocrx_word' id='word_1_278' title='bbox 1054 3856 1089 3902; x_wconf 91' lang='lat' dir='ltr'><strong>eo</strong></span> <span class='ocrx_word' id='word_1_279' title='bbox 1117 3835 1273 3918; x_wconf 87' lang='lat' dir='ltr'><strong>profectae</strong></span> 
     </span>
     <span class='ocr_line' id='line_1_40' title="bbox 139 3921 1272 4003; baseline -0.001 -20"><span class='ocrx_word' id='word_1_280' title='bbox 139 3923 228 3998; x_wconf 89' lang='lat' dir='ltr'><strong>sunt,</strong></span> <span class='ocrx_word' id='word_1_281' title='bbox 263 3923 317 4003; x_wconf 93' lang='lat' dir='ltr'><strong>qui</strong></span> <span class='ocrx_word' id='word_1_282' title='bbox 345 3924 405 3987; x_wconf 91' lang='lat' dir='ltr'><strong>nisi</strong></span> <span class='ocrx_word' id='word_1_283' title='bbox 429 3925 615 3989; x_wconf 86' lang='lat' dir='ltr'><strong>necessitate</strong></span> <span class='ocrx_word' id='word_1_284' title='bbox 643 3931 767 3988; x_wconf 87' lang='lat' dir='ltr'><strong>coactus</strong></span> <span class='ocrx_word' id='word_1_285' title='bbox 800 3924 884 3988; x_wconf 90' lang='lat' dir='ltr'><strong>omni</strong></span> <span class='ocrx_word' id='word_1_286' title='bbox 912 3927 995 3988; x_wconf 90' lang='lat' dir='ltr'><strong>certe</strong></span> <span class='ocrx_word' id='word_1_287' title='bbox 1024 3941 1152 3986; x_wconf 90' lang='lat' dir='ltr'><strong>assensu</strong></span> <span class='ocrx_word' id='word_1_288' title='bbox 1175 3921 1272 3984; x_wconf 89' lang='lat' dir='ltr'><strong>absti-</strong></span> 
     </span>
     <span class='ocr_line' id='line_1_41' title="bbox 141 4007 1025 4092; baseline 0.002 -22"><span class='ocrx_word' id='word_1_289' title='bbox 141 4009 269 4073; x_wconf 89' lang='lat' dir='ltr'><strong>nuisset.</strong></span> <span class='ocrx_word' id='word_1_290' title='bbox 293 4009 379 4073; x_wconf 90' lang='lat' dir='ltr'><strong>Idem</strong></span> <span class='ocrx_word' id='word_1_291' title='bbox 402 4009 440 4074; x_wconf 91' lang='lat' dir='ltr'><strong>de</strong></span> <span class='ocrx_word' id='word_1_292' title='bbox 463 4007 648 4092; x_wconf 89' lang='lat' dir='ltr'><strong>Symmacho</strong></span> <span class='ocrx_word' id='word_1_293' title='bbox 671 4008 759 4073; x_wconf 90' lang='lat' dir='ltr'><strong>addit</strong></span> <span class='ocrx_word' id='word_1_294' title='bbox 780 4009 822 4073; x_wconf 91' lang='lat' dir='ltr'><strong>Il.</strong></span> <span class='ocrx_word' id='word_1_295' title='bbox 847 4009 943 4092; x_wconf 85' lang='lat' dir='ltr'><strong>praef.</strong></span> <span class='ocrx_word' id='word_1_296' title='bbox 966 4010 1025 4073; x_wconf 82' lang='lat'><strong>56:</strong></span> 
     </span>
    </p>

    <p class='ocr_par' dir='ltr' id='par_1_20' title="bbox 447 4095 912 4349">
     <span class='ocr_line' id='line_1_42' title="bbox 449 4095 912 4177; baseline -0.002 -19"><span class='ocrx_word' id='word_1_297' title='bbox 449 4113 527 4177; x_wconf 91' lang='lat' dir='ltr'><strong>,qno</strong></span> <span class='ocrx_word' id='word_1_298' title='bbox 551 4115 633 4159; x_wconf 92' lang='lat' dir='ltr'><strong>nunc</strong></span> <span class='ocrx_word' id='word_1_299' title='bbox 656 4114 745 4160; x_wconf 90' lang='lat' dir='ltr'><strong>nemo</strong></span> <span class='ocrx_word' id='word_1_300' title='bbox 768 4095 912 4160; x_wconf 88' lang='lat' dir='ltr'><strong>disertior</strong></span> 
     </span>
     <span class='ocr_line' id='line_1_43' title="bbox 447 4181 873 4257; baseline 0 -13"><span class='ocrx_word' id='word_1_301' title='bbox 447 4181 575 4257; x_wconf 87' lang='lat' dir='ltr'><strong>exultat,</strong></span> <span class='ocrx_word' id='word_1_302' title='bbox 599 4181 716 4255; x_wconf 89' lang='lat' dir='ltr'><strong>fremit,</strong></span> <span class='ocrx_word' id='word_1_303' title='bbox 740 4183 873 4257; x_wconf 90' lang='lat' dir='ltr'><strong>intonat,</strong></span> 
     </span>
     <span class='ocr_line' id='line_1_44' title="bbox 449 4267 901 4349; baseline -0.002 -20"><span class='ocrx_word' id='word_1_304' title='bbox 449 4268 612 4349; x_wconf 86' lang='lat' dir='ltr'><strong>ventisque</strong></span> <span class='ocrx_word' id='word_1_305' title='bbox 634 4267 748 4349; x_wconf 91' lang='lat' dir='ltr'><strong>eloquii</strong></span> <span class='ocrx_word' id='word_1_306' title='bbox 772 4268 901 4330; x_wconf 79' lang='lat' dir='ltr'><strong>tumet.“</strong></span> 
     </span>
    </p>

    <p class='ocr_par' dir='ltr' id='par_1_21' title="bbox 139 4347 1272 4694">
     <span class='ocr_line' id='line_1_45' title="bbox 241 4347 1271 4434; baseline -0.002 -20"><span class='ocrx_word' id='word_1_307' title='bbox 241 4348 330 4430; x_wconf 82' lang='lat' dir='ltr'><strong>Alia,</strong></span> <span class='ocrx_word' id='word_1_308' title='bbox 353 4353 440 4416; x_wconf 83' lang='lat' dir='ltr'><strong>uelut</strong></span> <span class='ocrx_word' id='word_1_309' title='bbox 462 4351 542 4434; x_wconf 87' lang='lat' dir='ltr'><strong>quod</strong></span> <span class='ocrx_word' id='word_1_310' title='bbox 565 4371 636 4416; x_wconf 89' lang='lat' dir='ltr'><strong>eum</strong></span> <span class='ocrx_word' id='word_1_311' title='bbox 658 4352 700 4417; x_wconf 91' lang='grc' dir='ltr'><strong>ΙΙ.</strong></span> <span class='ocrx_word' id='word_1_312' title='bbox 725 4352 788 4415; x_wconf 88' lang='grc'><strong>644</strong></span> <span class='ocrx_word' id='word_1_313' title='bbox 811 4351 950 4433; x_wconf 89' lang='lat' dir='ltr'><strong>appellat</strong></span> <span class='ocrx_word' id='word_1_314' title='bbox 974 4347 1102 4431; x_wconf 86' lang='lat' dir='ltr'><strong>,orandi</strong></span> <span class='ocrx_word' id='word_1_315' title='bbox 1126 4349 1192 4414; x_wconf 85' lang='lat' dir='ltr'><strong>arte</strong></span> <span class='ocrx_word' id='word_1_316' title='bbox 1214 4365 1271 4430; x_wconf 89' lang='lat' dir='ltr'><strong>po·</strong></span> 
     </span>
     <span class='ocr_line' id='line_1_46' title="bbox 139 4432 1272 4519; baseline 0.001 -21"><span class='ocrx_word' id='word_1_317' title='bbox 139 4435 277 4500; x_wconf 86' lang='lat' dir='ltr'><strong>tentem“</strong></span> <span class='ocrx_word' id='word_1_318' title='bbox 302 4442 333 4500; x_wconf 89' lang='lat' dir='ltr'><strong>ct</strong></span> <span class='ocrx_word' id='word_1_319' title='bbox 356 4453 434 4518; x_wconf 92' lang='lat' dir='ltr'><strong>quae</strong></span> <span class='ocrx_word' id='word_1_320' title='bbox 456 4441 550 4502; x_wconf 87' lang='lat' dir='ltr'><strong>etiam</strong></span> <span class='ocrx_word' id='word_1_321' title='bbox 572 4438 727 4501; x_wconf 89' lang='lat' dir='ltr'><strong>habentur</strong></span> <span class='ocrx_word' id='word_1_322' title='bbox 749 4439 815 4501; x_wconf 90' lang='lat' dir='ltr'><strong>eius</strong></span> <span class='ocrx_word' id='word_1_323' title='bbox 838 4437 957 4519; x_wconf 90' lang='lat' dir='ltr'><strong>generis</strong></span> <span class='ocrx_word' id='word_1_324' title='bbox 981 4454 1015 4500; x_wconf 94' lang='lat' dir='ltr'><strong>eo</strong></span> <span class='ocrx_word' id='word_1_325' title='bbox 1037 4432 1159 4499; x_wconf 90' lang='lat' dir='ltr'><strong>facilins</strong></span> <span class='ocrx_word' id='word_1_326' title='bbox 1182 4452 1272 4517; x_wconf 87' lang='lat' dir='ltr'><strong>prae-</strong></span> 
     </span>
     <span class='ocr_line' id='line_1_47' title="bbox 140 4520 1272 4607; baseline 0.002 -23"><span class='ocrx_word' id='word_1_327' title='bbox 140 4521 231 4586; x_wconf 87' lang='lat' dir='ltr'><strong>terire</strong></span> <span class='ocrx_word' id='word_1_328' title='bbox 252 4521 374 4600; x_wconf 91' lang='lat' dir='ltr'><strong>licebit,</strong></span> <span class='ocrx_word' id='word_1_329' title='bbox 404 4523 484 4606; x_wconf 91' lang='lat' dir='ltr'><strong>quod</strong></span> <span class='ocrx_word' id='word_1_330' title='bbox 510 4542 580 4588; x_wconf 88' lang='lat' dir='ltr'><strong>oum</strong></span> <span class='ocrx_word' id='word_1_331' title='bbox 604 4523 799 4607; x_wconf 78' lang='lat' dir='ltr'><strong>grauissimis</strong></span> <span class='ocrx_word' id='word_1_332' title='bbox 822 4522 897 4586; x_wconf 90' lang='lat' dir='ltr'><strong>locis</strong></span> <span class='ocrx_word' id='word_1_333' title='bbox 920 4521 1011 4586; x_wconf 91' lang='lat' dir='ltr'><strong>modo</strong></span> <span class='ocrx_word' id='word_1_334' title='bbox 1034 4520 1164 4604; x_wconf 90' lang='lat' dir='ltr'><strong>prolatis</strong></span> <span class='ocrx_word' id='word_1_335' title='bbox 1186 4537 1272 4586; x_wconf 92' lang='lat' dir='ltr'><strong>com·</strong></span> 
     </span>
     <span class='ocr_line' id='line_1_48' title="bbox 141 4607 1271 4694; baseline 0 -22"><span class='ocrx_word' id='word_1_336' title='bbox 141 4613 250 4690; x_wconf 82' lang='lat' dir='ltr'><strong>paratu</strong></span> <span class='ocrx_word' id='word_1_337' title='bbox 272 4611 422 4674; x_wconf 87' lang='lat' dir='ltr'><strong>momenti</strong></span> <span class='ocrx_word' id='word_1_338' title='bbox 452 4611 552 4676; x_wconf 91' lang='lat' dir='ltr'><strong>multo</strong></span> <span class='ocrx_word' id='word_1_339' title='bbox 575 4608 700 4676; x_wconf 90' lang='lat' dir='ltr'><strong>levioris</strong></span> <span class='ocrx_word' id='word_1_340' title='bbox 723 4612 805 4676; x_wconf 87' lang='lat' dir='ltr'><strong>sunt.</strong></span> <span class='ocrx_word' id='word_1_341' title='bbox 852 4607 936 4690; x_wconf 74' lang='lat' dir='ltr'><strong>Quae</strong></span> <span class='ocrx_word' id='word_1_342' title='bbox 963 4607 1150 4694; x_wconf 86' lang='lat' dir='ltr'><strong>protulimus</strong></span> <span class='ocrx_word' id='word_1_343' title='bbox 1178 4607 1271 4674; x_wconf 89' lang='lat' dir='ltr'><strong>docu-</strong></span> 
     </span>
    </p>
   </div>
   <div class='ocr_carea' id='block_1_4' title="bbox 0 0 1562 5126">
    <p class='ocr_par' dir='ltr' id='par_1_22' title="bbox 0 0 1562 5126">
     <span class='ocr_line' id='line_1_49' title="bbox 0 0 1562 5126; baseline 0 0"><span class='ocrx_word' id='word_1_344' title='bbox 0 0 1562 5126; x_wconf 95' lang='lat' dir='ltr'><strong> </strong></span> 
     </span>
    </p>
   </div>
  </div>
 </body>
</html>
